"Count","Tradelist Count","Name","Edition","Condition","Language","Foil","Tags","Last Modified","Collector Number","Alter","Proxy","Purchase Price"
"1","1","_____ Bird Gets the Worm","unf","Near Mint","English","","","2025-07-26 09:57:00.937000","5","False","False","0.02"
"1","1","A Premonition of Your Demise","dsc","Near Mint","English","","","2024-11-22 15:20:45.317000","353","False","False",""
"1","1","Aatchik, Emerald Radian","dft","Near Mint","English","foil","","2025-02-12 11:20:40.577000","360","False","False","0.02"
"1","1","Abandon Reason","emn","Near Mint","English","","","2024-11-24 19:39:48.927000","115","False","False",""
"1","1","Abjure","wth","Near Mint","English","","","2025-02-12 10:21:34.917000","31","False","True",""
"1","1","Abjure","wth","Near Mint","English","","","2025-02-20 13:35:56.113000","31","False","False",""
"1","1","Aboleth Spawn","clb","Near Mint","English","","","2024-11-22 15:20:48.350000","662","False","False",""
"1","1","Abrade","blc","Near Mint","English","","","2024-11-22 15:16:07.337000","191","False","False",""
"1","1","Abrade","fdn","Near Mint","English","","","2024-11-22 14:40:56.793000","327","False","False",""
"1","1","Abrade","fdn","Near Mint","English","","","2024-11-24 19:39:48.927000","188","False","False",""
"1","1","Abrade","inr","Near Mint","English","","","2025-05-06 15:17:00.747000","139","False","False","0.03"
"1","1","Abrade","fdn","Near Mint","English","","","2024-11-24 18:24:36.417000","327","False","False",""
"1","1","Abrade","fdn","Near Mint","English","foil","","2024-11-24 19:39:48.927000","327","False","False",""
"2","2","Abrupt Decay","rtr","Near Mint","English","","","2024-11-22 15:14:01.977000","141","False","True",""
"1","1","Abstergo Entertainment","acr","Near Mint","English","","","2025-03-31 14:18:51.913000","79","False","True",""
"1","1","Abstruse Archaic","cmm","Near Mint","English","","","2025-03-31 14:21:49.867000","712","False","True",""
"1","1","Abu Ja'far","chr","Near Mint","English","","","2024-11-22 15:14:01.977000","1","False","True",""
"1","1","Abundance","c17","Near Mint","English","","","2024-11-22 15:14:01.977000","145","False","True",""
"1","1","Abyssal Persecutor","c14","Near Mint","English","","","2024-11-22 15:14:01.977000","132","False","True",""
"1","1","Abzan Devotee","tdm","Near Mint","English","","","2025-05-06 15:17:00.747000","68","False","False","0.09"
"1","1","Abzan Devotee","tdm","Near Mint","English","","","2025-07-26 09:18:22.063000","68","False","False","0.06"
"1","1","Academy Manufactor","mh2","Near Mint","English","","","2025-01-15 16:13:41.143000","219","False","False",""
"1","1","Academy Manufactor","otc","Near Mint","English","","","2024-11-22 15:14:01.977000","251","False","True",""
"1","1","Academy Manufactor","blc","Near Mint","English","","","2025-02-12 11:20:40.577000","264","False","False","3.00"
"1","1","Academy Manufactor","sld","Near Mint","English","foil","","2025-12-22 19:39:06.887000","2195","False","False",""
"1","1","Academy Ruins","plst","Near Mint","English","","","2025-03-31 14:21:49.867000","2XM-309","False","True",""
"1","1","Academy Ruins","drc","Near Mint","English","","","2025-02-07 23:57:06.363000","58","False","False",""
"2","2","Access Denied","nec","Near Mint","English","","","2024-11-22 20:34:38.470000","11","False","False",""
"2","2","Access Tunnel","stx","Near Mint","English","","","2025-03-31 14:21:49.867000","262","False","True",""
"1","1","Access Tunnel","ltc","Near Mint","English","","","2024-11-22 15:16:38.547000","294","False","False",""
"1","1","Access Tunnel","mkc","Near Mint","German","","","2024-11-22 15:16:12.420000","247","False","False",""
"1","1","Accursed Duneyard","drc","Near Mint","English","","","2025-02-12 11:20:40.577000","20","False","False","8.47"
"1","1","Accursed Duneyard","drc","Near Mint","English","","","2025-02-07 23:56:56.013000","20","False","False",""
"1","1","Ace, Fearless Rebel","who","Near Mint","English","","","2024-11-22 15:16:16.183000","98","False","False",""
"1","1","Ace's Baseball Bat","who","Near Mint","English","","","2024-11-22 15:16:16.183000","170","False","False",""
"1","1","Acidic Slime","m3c","Near Mint","English","","","2024-11-24 19:39:48.927000","218","False","False",""
"2","2","Acidic Soil","usg","Near Mint","English","","","2024-11-22 15:14:01.977000","172","False","True",""
"1","1","Acolyte of Bahamut","clb","Near Mint","English","","","2024-11-22 15:14:01.977000","212","False","True",""
"1","1","Acrobatic Cheerleader","dsk","Near Mint","English","","","2024-11-24 19:39:48.927000","1","False","False",""
"1","1","Adagia, Windswept Bastion","eoe","Near Mint","English","","","2025-07-26 09:56:55.443000","250","False","False","7.21"
"1","1","Adaptive Automaton","fdn","Near Mint","English","foil","","2024-11-22 14:40:56.793000","723","False","False",""
"1","1","Adaptive Automaton","fdn","Near Mint","English","foil","","2024-11-24 18:24:36.417000","723","False","False",""
"1","1","Adaptive Automaton","2xm","Near Mint","English","foil","","2024-11-24 19:39:48.927000","231","False","False",""
"1","1","Adaptive Omnitool","drc","Near Mint","English","","","2025-02-07 23:57:06.363000","16","False","False",""
"2","2","Adaptive Omnitool","drc","Near Mint","English","","","2025-02-12 11:20:40.577000","16","False","False","3.35"
"1","1","Adarkar Wastes","dsc","Near Mint","English","","","2024-11-22 15:20:45.317000","258","False","False",""
"1","1","Adarkar Wastes","drc","Near Mint","English","","","2025-02-07 23:56:56.013000","144","False","False",""
"1","1","Adarkar Wastes","eoc","Near Mint","English","","","2025-07-18 12:42:44.160000","147","False","False",""
"1","1","Adarkar Wastes","m3c","Near Mint","English","","","2025-02-12 09:57:14.543000","316","False","False",""
"2","2","Adarkar Wastes","m3c","Near Mint","English","","","2024-11-22 15:14:01.977000","316","False","True",""
"2","2","Adelbert Steiner","fin","Near Mint","German","","","2025-07-26 09:17:37.360000","3","False","False",""
"3","3","Adelbert Steiner","fin","Near Mint","English","","","2025-07-26 09:17:37.360000","3","False","False",""
"1","1","Adelbert Steiner","fin","Near Mint","English","","","2025-09-19 09:34:34.773000","3","False","False","0.08"
"1","1","Adeline, Resplendent Cathar","moc","Near Mint","English","","","2024-11-22 15:14:01.977000","167","False","True",""
"1","1","Adipose Offspring","who","Near Mint","English","","","2024-11-22 15:20:30.043000","10","False","False",""
"1","1","Admiral Beckett Brass","lcc","Near Mint","English","","","2024-11-22 15:15:33.823000","264","False","False",""
"1","1","Admiral Brass, Unsinkable","lcc","Near Mint","English","foil","","2024-11-22 15:15:33.823000","1","False","False",""
"1","1","Adorned Crocodile","tdm","Near Mint","English","","","2025-07-26 09:18:22.063000","69","False","False","0.06"
"1","1","Adorned Crocodile","tdm","Near Mint","English","","","2025-05-06 15:17:00.747000","69","False","False","0.03"
"1","1","Adric, Mathematical Genius","who","Near Mint","English","","","2024-11-22 15:16:16.183000","33","False","False",""
"1","1","Adrix and Nev, Twincasters","c21","Near Mint","English","","","2024-11-22 15:14:01.977000","336","False","True",""
"2","2","Adventurer's Airship","fin","Near Mint","English","","","2025-09-19 09:34:34.773000","252","False","False","0.07"
"3","3","Adventurer's Airship","fin","Near Mint","English","","","2025-12-18 21:24:19.827000","252","False","False",""
"2","2","Adventurer's Inn","fin","Near Mint","English","","","2025-07-26 09:17:37.360000","271","False","False",""
"3","3","Adventurer's Inn","fin","Near Mint","English","","","2025-09-19 09:34:34.773000","271","False","False","0.09"
"1","1","Adventuring Gear","fdn","Near Mint","English","","","2024-11-24 19:39:48.927000","249","False","False",""
"2","2","Aegar, the Freezing Flame","mul","Near Mint","English","foil","","2025-01-15 16:47:17.080000","31","False","False",""
"1","1","Aegis Turtle","fdn","Near Mint","English","","","2024-11-24 19:39:48.927000","150","False","False",""
"1","1","Aerial Guide","hou","Near Mint","English","","","2024-11-24 19:39:48.927000","29","False","False",""
"1","1","Aerial Surveyor","nec","Near Mint","English","","","2024-11-22 20:34:38.470000","5","False","False",""
"1","1","Aerie Auxiliary","mh3","Near Mint","English","","","2024-11-24 19:39:48.927000","18","False","False",""
"1","1","Aerith Gainsborough","fin","Near Mint","English","","","2025-09-19 09:34:34.773000","4","False","False","1.51"
"2","2","Aerith Rescue Mission","fin","Near Mint","English","","","2025-07-26 09:17:37.360000","5","False","False",""
"3","3","Aerith Rescue Mission","fin","Near Mint","English","","","2025-09-19 09:34:34.773000","5","False","False","0.05"
"3","3","Aerith, Last Ancient","fic","Near Mint","English","","","2025-07-26 09:17:37.360000","76","False","False",""
"1","1","Aeronaut Admiral","nec","Near Mint","English","","","2024-11-22 20:34:38.470000","79","False","False",""
"1","1","Aesi, Tyrant of Gyre Strait","dsc","Near Mint","English","","","2024-11-22 15:17:31.903000","210","False","False",""
"2","2","Aesi, Tyrant of Gyre Strait","dsc","Near Mint","English","","","2024-11-22 15:14:01.977000","210","False","True",""
"1","1","Aether Gale","dsc","Near Mint","English","","","2024-11-22 15:17:31.903000","109","False","False",""
"1","1","Aether Hub","m3c","Near Mint","English","","","2025-02-12 09:57:14.543000","317","False","False",""
"1","1","Aether Hub","drc","Near Mint","English","","","2025-02-07 23:57:06.363000","145","False","False",""
"1","1","Aether Refinery","m3c","Near Mint","English","","","2025-02-12 11:20:40.577000","106","False","False","0.32"
"2","2","Aether Refinery","m3c","Near Mint","English","","","2025-02-12 09:57:14.543000","106","False","False",""
"1","1","Aether Revolt","mh3","Near Mint","English","","","2025-02-21 20:47:46.800000","113","False","False",""
"1","1","Aether Theorist","kld","Near Mint","English","","","2024-11-24 19:39:48.927000","37","False","False",""
"2","2","Aetherblade Agent // Gitaxian Mindstinger","mom","Near Mint","English","foil","","2024-11-22 13:13:39.840000","88","False","False",""
"1","1","Aetherflux Conduit","drc","Near Mint","English","","","2025-02-12 11:20:40.577000","17","False","False","4.24"
"1","1","Aetherflux Conduit","drc","Near Mint","English","","","2025-02-07 23:57:06.363000","17","False","False",""
"1","1","Aethergeode Miner","m3c","Near Mint","English","","","2025-02-12 11:20:40.577000","163","False","False","0.15"
"2","2","Aethergeode Miner","m3c","Near Mint","English","","","2025-02-12 09:57:14.543000","163","False","False",""
"1","1","Aetheric Amplifier","drc","Near Mint","English","","","2025-02-12 11:20:40.577000","18","False","False","4.98"
"1","1","Aetheric Amplifier","drc","Near Mint","English","","","2025-02-07 23:57:06.363000","18","False","False",""
"1","1","Aetherize","fdn","Near Mint","English","","","2024-11-24 19:39:48.927000","151","False","False",""
"1","1","Aethersphere Harvester","m3c","Near Mint","English","","","2025-02-12 09:57:14.543000","280","False","False",""
"1","1","Aethersquall Ancient","drc","Near Mint","English","","","2025-02-07 23:57:06.363000","68","False","False",""
"1","1","Aethersquall Ancient","m3c","Near Mint","English","","","2025-02-12 09:57:14.543000","174","False","False",""
"1","1","Aetherstorm Roc","m3c","Near Mint","English","","","2025-02-12 09:57:14.543000","164","False","False",""
"1","1","Aethertide Whale","drc","Near Mint","English","","","2025-02-07 23:57:06.363000","69","False","False",""
"1","1","Aethertide Whale","m3c","Near Mint","English","","","2025-02-12 09:57:14.543000","175","False","False",""
"1","1","Aetherwind Basker","drc","Near Mint","English","","","2025-02-07 23:57:06.363000","107","False","False",""
"1","1","Aetherworks Marvel","drc","Near Mint","English","","","2025-02-12 11:20:40.577000","123","False","False","0.34"
"2","2","Aetherworks Marvel","m3c","Near Mint","English","","","2025-02-12 09:57:14.543000","281","False","False",""
"1","1","Aetherworks Marvel","drc","Near Mint","English","","","2025-02-07 23:57:06.363000","123","False","False",""
"1","1","Aettir and Priwen","fin","Near Mint","English","","","2025-09-19 09:34:34.773000","253","False","False","4.54"
"1","1","Affectionate Indrik","fdn","Near Mint","English","","","2024-11-24 19:39:48.927000","211","False","False",""
"1","1","Afterburner Expert","dft","Near Mint","English","","","2025-02-12 11:20:40.577000","150","False","False","0.12"
"1","1","Aftermath Analyst","eoc","Near Mint","English","","","2025-07-18 12:41:35.500000","91","False","False",""
"1","1","Agadeem's Awakening // Agadeem, the Undercrypt","znr","Near Mint","English","foil","","2024-11-22 15:14:01.977000","336","False","True",""
"1","1","Agent of Kotis","tdm","Near Mint","English","","","2025-05-06 15:17:00.747000","36","False","False","0.06"
"2","2","Agent of Kotis","tdm","Near Mint","English","","","2025-07-26 09:18:22.063000","36","False","False","0.02"
"1","1","Agent Venom","spm","Near Mint","English","","","2025-09-23 09:54:41.323000","49","False","False",""
"1","1","Aggravated Assault","e02","Near Mint","English","","","2024-11-22 15:16:07.337000","25","False","False",""
"1","1","Aggressive Biomancy","m3c","Near Mint","English","","","2024-11-22 15:17:16.627000","121","False","False",""
"1","1","Aggressive Instinct","gs1","Near Mint","English","","","2024-11-24 19:39:48.927000","34","False","False",""
"1","1","Aggressive Negotiations","tdm","Near Mint","English","","","2025-05-06 15:17:00.747000","70","False","False","0.03"
"1","1","Aggressive Negotiations","tdm","Near Mint","English","","","2025-07-26 09:18:22.063000","70","False","False","0.08"
"1","1","Agitator Ant","mkc","Near Mint","German","","","2024-11-22 15:16:12.420000","145","False","False",""
"1","1","Agonizing Syphon","m20","Near Mint","English","","","2024-11-24 19:39:48.927000","83","False","False",""
"1","1","Agrus Kos, Eternal Soldier","j22","Near Mint","English","","","2025-12-18 21:27:54.407000","1","False","False",""
"1","1","Ahn-Crop Crasher","akh","Near Mint","English","","","2024-11-24 19:39:48.927000","117","False","False",""
"1","1","Ahn-Crop Invader","war","Near Mint","English","","","2024-11-24 19:39:48.927000","113","False","False",""
"3","3","Ahriman","fin","Near Mint","English","","","2025-09-19 09:34:34.773000","87","False","False","0.08"
"4","4","Ahriman","fin","Near Mint","English","","","2025-07-26 09:17:37.360000","87","False","False",""
"2","2","Aid the Fallen","war","Near Mint","English","","","2024-11-22 15:14:01.977000","76","False","True",""
"2","2","Ainok Wayfarer","tdm","Near Mint","English","","","2025-05-06 15:17:00.747000","134","False","False","0.07"
"1","1","Ainok Wayfarer","tdm","Near Mint","English","foil","","2025-07-26 09:18:22.063000","134","False","False","0.18"
"2","2","Ainok Wayfarer","tdm","Near Mint","English","","","2025-07-26 09:18:22.063000","134","False","False","0.15"
"2","2","Air Response Unit","dft","Near Mint","English","foil","","2025-02-12 11:20:40.577000","292","False","False","0.31"
"1","1","Air Response Unit","dft","Near Mint","English","foil","","2025-02-12 11:20:40.577000","1","False","False","0.08"
"2","2","Airship Crash","fin","Near Mint","English","","","2025-07-26 09:17:37.360000","171","False","False",""
"2","2","Airship Crash","fin","Near Mint","German","","","2025-07-26 09:17:37.360000","171","False","False",""
"2","2","Airship Crash","fin","Near Mint","English","","","2025-09-19 09:34:34.773000","171","False","False","0.04"
"1","1","Aisha of Sparks and Smoke","sld","Near Mint","English","","","2024-11-22 11:48:15.790000","430","False","False",""
"2","2","Ajani's Pridemate","fdn","Near Mint","English","","","2024-11-22 14:40:56.793000","135","False","False",""
"1","1","Ajani's Pridemate","fdn","Near Mint","English","","","2024-11-24 18:24:36.417000","293","False","False",""
"1","1","Ajani's Pridemate","fdn","Near Mint","English","","","2024-11-24 18:24:36.417000","135","False","False",""
"2","2","Ajani's Pridemate","fdn","Near Mint","English","","","2024-11-22 14:40:56.793000","293","False","False",""
"1","1","Akki War Paint","neo","Near Mint","English","","","2025-02-12 10:22:28.863000","132","False","True",""
"2","2","Akoum Refuge","ddp","Near Mint","English","","","2024-11-22 15:14:01.977000","67","False","True",""
"1","1","Akroan Crusader","uma","Near Mint","English","","","2024-11-24 19:39:48.927000","121","False","False",""
"1","1","Akroma's Memorial","fut","Near Mint","English","","","2024-11-22 15:14:01.977000","159","False","True",""
"1","1","Akroma's Will","cmr","Near Mint","English","","","2024-11-22 15:14:01.977000","3","False","True",""
"1","1","Akroma's Will","m3c","Near Mint","English","","","2025-02-12 09:57:14.543000","165","False","False",""
"2","2","Al Bhed Salvagers","fin","Near Mint","German","","","2025-07-26 09:17:37.360000","88","False","False",""
"1","1","Al Bhed Salvagers","fin","Near Mint","English","","","2025-09-19 09:34:34.773000","88","False","False","0.12"
"5","5","Al Bhed Salvagers","fin","Near Mint","English","","","2025-07-26 09:17:37.360000","88","False","False",""
"1","1","Alacrian Armory","dft","Near Mint","English","foil","","2025-02-12 11:20:40.577000","2","False","False","0.21"
"1","1","Alania's Pathmaker","blb","Near Mint","English","","","2024-11-24 19:39:48.927000","123","False","False",""
"1","1","Alchemist's Gift","m21","Near Mint","English","","","2024-11-24 19:39:48.927000","87","False","False",""
"1","1","Alchemist's Talent","blc","Near Mint","English","","","2024-11-22 15:14:01.977000","22","False","True",""
"1","1","Alesha, Who Laughs at Fate","fdn","Near Mint","English","","","2025-12-18 21:20:05.290000","343","False","False",""
"1","1","Alesha, Who Laughs at Fate","fdn","Near Mint","English","","","2024-11-24 19:39:48.927000","115","False","False",""
"1","1","Alesha, Who Smiles at Death","sld","Near Mint","English","","","2025-12-18 21:17:56.880000","1007","False","False",""
"1","1","Alesha's Legacy","tdm","Near Mint","English","","","2025-07-26 09:18:22.063000","72","False","False","0.06"
"1","1","Alexios, Deimos of Kosmos","acr","Near Mint","German","","","2025-02-10 10:19:10.513000","134","False","False",""
"1","1","Alexios, Deimos of Kosmos","acr","Near Mint","German","","","2025-02-12 11:20:40.577000","134","False","False","0.21"
"1","1","Alexios, Deimos of Kosmos","acr","Near Mint","English","foil","","2024-11-24 19:39:48.927000","33","False","False",""
"1","1","Aliban's Tower","hml","Near Mint","English","","","2024-11-24 19:39:48.927000","61b","False","False",""
"1","1","Alibou, Ancient Witness","eoc","Near Mint","English","","","2025-07-18 12:42:44.160000","113","False","False",""
"3","3","Alien Symbiosis","spm","Near Mint","English","","","2025-09-23 09:54:41.323000","50","False","False","0.09"
"1","1","Aligned Hedron Network","bfz","Near Mint","English","","","2024-11-22 15:16:07.337000","222","False","False",""
"1","1","Alisaie Leveilleur","fic","Near Mint","English","","","2025-05-16 12:21:37.797000","9","False","False",""
"1","1","Alistair, the Brigadier","who","Near Mint","English","","","2024-11-22 15:16:16.183000","112","False","False",""
"1","1","All Is Dust","m3c","Near Mint","English","","","2025-03-31 14:21:49.867000","152","False","True",""
"1","1","All of History, All at Once","who","Near Mint","English","","","2024-11-22 15:20:30.043000","34","False","False",""
"1","1","All Will Be One","one","Near Mint","English","","","2025-01-16 19:40:38.033000","118","False","False",""
"1","1","All Will Be One","one","Near Mint","English","","","2025-02-12 11:20:40.577000","118","False","False","10.51"
"1","1","Alley Evasion","aer","Near Mint","English","foil","","2025-01-15 16:35:10.187000","6","False","False",""
"1","1","Alley Evasion","aer","Near Mint","English","","","2025-02-12 11:20:40.577000","6","False","False","0.06"
"1","1","Alley Evasion","aer","Near Mint","English","","","2025-01-15 16:31:49.800000","6","False","False",""
"1","1","Alley Evasion","aer","Near Mint","English","foil","","2025-02-12 11:20:40.577000","6","False","False","0.32"
"1","1","Allosaurus Shepherd","jmp","Near Mint","English","","","2025-09-23 10:09:45.923000","28","False","False",""
"1","1","All-You-Can-Eat Buffet","pf25","Near Mint","English","","","2025-07-02 08:35:10.407000","8","False","False",""
"2","2","Alpharael, Dreaming Acolyte","eoe","Near Mint","English","","","2025-07-30 21:33:35.050000","212","False","False","0.15"
"1","1","Alphinaud Leveilleur","fic","Near Mint","English","","","2025-05-16 12:21:37.797000","33","False","False",""
"1","1","Alpine Moon","m19","Near Mint","English","","","2025-08-23 21:51:52.467000","128","False","False",""
"1","1","Altanak, the Thrice-Called","dsk","Near Mint","English","","","2024-11-24 19:39:48.927000","166","False","False",""
"1","1","Altar of Dementia","brr","Near Mint","English","","","2025-07-30 21:33:35.050000","3","False","False","8.41"
"1","1","Altar of the Brood","ktk","Near Mint","English","","","2024-11-22 15:14:01.977000","216","False","True",""
"1","1","Altered Ego","fic","Near Mint","English","","","2025-05-16 12:21:48.280000","317","False","False",""
"1","1","Amalia Benavides Aguirre","lci","Near Mint","English","","","2025-07-26 09:18:22.063000","299","False","False","0.93"
"9","9","Amazing Acrobatics","spm","Near Mint","English","","","2025-09-23 09:54:41.323000","25","False","False","0.06"
"1","1","Ambition's Cost","c21","Near Mint","English","","","2024-11-22 15:20:33.160000","134","False","False",""
"1","1","Ambrosia Whiteheart","fin","Near Mint","English","","","2025-09-19 09:34:34.773000","6","False","False","0.13"
"1","1","Ambush Wolf","fdn","Near Mint","English","","","2024-11-24 19:39:48.927000","98","False","False",""
"1","1","Ambush Wolf","fdn","Near Mint","English","foil","","2024-11-24 19:39:48.927000","98","False","False",""
"1","1","Aminatou, Veil Piercer","dsc","Near Mint","English","foil","","2024-11-22 15:20:45.317000","1","False","False",""
"1","1","Aminatou's Augury","dsc","Near Mint","English","","","2024-11-22 15:20:45.317000","71","False","False",""
"1","1","Aminatou's Augury","dsc","Near Mint","English","","","2025-03-31 14:21:49.867000","71","False","True",""
"1","1","Amonkhet Raceway","dft","Near Mint","English","foil","","2025-02-12 11:20:40.577000","424","False","False","0.34"
"2","2","Amped Raptor","mh3","Near Mint","English","","","2025-02-12 09:57:14.543000","114","False","False",""
"1","1","Amped Raptor","mh3","Near Mint","English","","","2025-02-12 11:20:40.577000","114","False","False","0.35"
"1","1","Amped Up","unf","Near Mint","English","","","2025-07-26 09:57:00.937000","98","False","False","0.05"
"1","1","Amphin Mutineer","lcc","Near Mint","English","","","2024-11-22 15:15:33.823000","143","False","False",""
"1","1","Amulet of Vigor","wwk","Near Mint","English","","","2024-11-22 15:14:01.977000","121","False","True",""
"1","1","Amy Pond","who","Near Mint","English","","","2024-11-22 15:20:30.043000","75","False","False",""
"1","1","Amy's Home","who","Near Mint","English","","","2024-11-22 15:20:30.043000","566","False","False",""
"1","1","An Incident Has Occurred","unf","Near Mint","English","","","2025-07-26 09:57:00.937000","143","False","False","0.03"
"1","1","An Offer You Can't Refuse","fic","Near Mint","English","","","2025-05-16 12:21:48.280000","267","False","False",""
"1","1","An Offer You Can't Refuse","snc","Near Mint","English","","","2024-11-22 15:14:01.977000","51","False","True",""
"1","1","An Offer You Can't Refuse","snc","Near Mint","English","foil","","2024-11-22 15:14:01.977000","464","False","True",""
"1","1","An Offer You Can't Refuse","snc","Near Mint","English","","","2024-11-22 15:14:01.977000","51","False","True",""
"1","1","An Unearthly Child","who","Near Mint","English","","","2024-11-22 15:16:16.183000","35","False","False",""
"1","1","Anafenza, Unyielding Lineage","tdm","Near Mint","English","","","2025-07-26 09:18:22.063000","327","False","False","0.37"
"1","1","Anafenza, Unyielding Lineage","tdm","Near Mint","English","","","2025-05-06 15:17:00.747000","327","False","False","0.06"
"1","1","Anax, Hardened in the Forge","cmm","Near Mint","English","","","2024-11-24 19:39:48.927000","204","False","False",""
"3","3","Ancestral Anger","inr","Near Mint","English","","","2025-05-06 15:17:00.747000","141","False","False","0.04"
"1","1","Ancestral Anger","vow","Near Mint","English","","","2024-11-24 19:39:48.927000","142","False","False",""
"1","1","Ancestral Blade","2xm","Near Mint","English","","","2025-06-20 12:08:49.990000","3","False","False",""
"1","1","Anchor to Reality","neo","Near Mint","English","","","2024-11-22 20:34:38.470000","45","False","False",""
"1","1","Ancient Animus","cmr","Near Mint","English","","","2024-12-24 20:29:24.520000","215","False","False",""
"1","1","Ancient Brass Dragon","clb","Near Mint","English","","","2025-03-31 14:21:49.867000","111","False","True",""
"1","1","Ancient Bronze Dragon","clb","Near Mint","English","","","2024-11-22 15:14:01.977000","406","False","True",""
"1","1","Ancient Cellarspawn","dsc","Near Mint","English","","","2024-11-22 15:20:45.317000","16","False","False",""
"1","1","Ancient Copper Dragon","hbg","Near Mint","English","","","2024-11-22 15:14:01.977000","174","False","True",""
"1","1","Ancient Den","tsr","Near Mint","English","","","2024-11-22 20:34:38.470000","403","False","False",""
"1","1","Ancient Den","eoc","Near Mint","English","","","2025-07-18 12:42:44.160000","148","False","False",""
"1","1","Ancient Greenwarden","sld","Near Mint","English","","","2025-07-22 18:24:06.300000","2059","False","False",""
"1","1","Ancient Silver Dragon","clb","Near Mint","English","","","2025-03-31 14:21:49.867000","56","False","True",""
"1","1","Ancient Stone Idol","mkc","Near Mint","German","","","2024-11-22 15:16:12.420000","222","False","False",""
"1","1","Ancient Stone Idol","mkc","Near Mint","English","","","2025-03-31 14:21:49.867000","222","False","True",""
"1","1","Ancient Tomb","ltc","Near Mint","English","","","2024-11-22 15:14:01.977000","357","False","True",""
"1","1","Ancient Tomb","wc99","Near Mint","English","","","2024-11-22 15:14:01.977000","kb315","False","True",""
"1","1","Ancient Tomb","uma","Near Mint","English","","","2025-03-31 14:21:49.867000","236","False","True",""
"1","1","Ancient Vendetta","dft","Near Mint","English","foil","","2025-02-12 11:20:40.577000","75","False","False","0.13"
"1","1","And They Shall Know No Fear","40k","Near Mint","English","","","2024-11-22 15:16:41.393000","9","False","False",""
"1","1","Anep, Vizier of Hazoret","j25","Near Mint","English","","","2024-11-24 19:39:48.927000","46","False","False",""
"1","1","Angel of Finality","fdn","Near Mint","English","","","2024-11-22 14:40:56.793000","136","False","False",""
"1","1","Angel of Finality","fdn","Near Mint","English","","","2024-11-24 18:24:36.417000","136","False","False",""
"1","1","Angel of Invention","m3c","Near Mint","English","","","2025-02-12 09:57:14.543000","166","False","False",""
"1","1","Angel of Sanctions","drc","Near Mint","English","","","2025-02-07 23:56:56.013000","62","False","False",""
"1","1","Angel of Serenity","c21","Near Mint","English","","","2024-11-22 15:20:33.160000","83","False","False",""
"1","1","Angel of the Ruins","eoc","Near Mint","English","","","2025-07-18 12:42:44.160000","63","False","False",""
"1","1","Angel of the Ruins","fic","Near Mint","English","","","2025-05-16 12:21:33.833000","229","False","False",""
"1","1","Angel of the Ruins","blc","Near Mint","English","","","2024-11-24 19:39:48.927000","134","False","False",""
"1","1","Angel of the Ruins","mkc","Near Mint","German","","","2024-11-22 15:16:12.420000","55","False","False",""
"1","1","Angel of Vitality","fdn","Near Mint","English","foil","","2024-11-22 14:40:56.793000","706","False","False",""
"1","1","Angel of Vitality","fdn","Near Mint","English","foil","","2024-11-24 18:24:36.417000","706","False","False",""
"2","2","Angelfire Ignition","inr","Near Mint","English","","","2025-05-06 15:17:00.747000","229","False","False","0.20"
"1","1","Angelic Destiny","fdn","Near Mint","English","","","2024-11-22 14:40:56.793000","565","False","False",""
"1","1","Angelic Destiny","fdn","Near Mint","English","","","2024-11-24 18:24:36.417000","565","False","False",""
"2","2","Angelic Purge","inr","Near Mint","English","","","2025-05-06 15:17:00.747000","9","False","False","0.04"
"2","2","Angelic Wall","10e","Near Mint","English","","","2024-11-22 15:14:01.977000","5","False","True",""
"2","2","Angelo","tfin","Near Mint","English","","","2025-07-26 09:17:37.360000","19","False","False",""
"1","1","Angel's Grace","tsr","Near Mint","English","","","2024-11-22 15:14:01.977000","4","False","True",""
"1","1","Anger","ltc","Near Mint","English","","","2024-11-22 15:19:33.827000","210","False","False",""
"1","1","Anger","fic","Near Mint","English","","","2025-05-16 12:21:33.833000","289","False","False",""
"1","1","Angrath's Marauders","lcc","Near Mint","English","","","2024-11-22 15:15:33.823000","215","False","False",""
"1","1","Angry Rabble","spm","Near Mint","English","foil","","2025-09-23 09:54:41.323000","75","False","False","0.28"
"5","5","Angry Rabble","spm","Near Mint","English","","","2025-09-23 09:54:41.323000","75","False","False","0.10"
"1","1","Anguished Unmaking","ltc","Near Mint","English","","","2024-11-22 15:16:38.547000","265","False","False",""
"1","1","Anguished Unmaking","pip","Near Mint","English","foil","","2024-11-22 15:14:01.977000","209","False","True",""
"2","2","Animist's Awakening","ori","Near Mint","English","","","2024-11-22 15:14:01.977000","169","False","True",""
"1","1","Anje's Ravager","voc","Near Mint","English","","","2024-11-24 19:39:48.927000","141","False","False",""
"1","1","Annex Sentry","sch","Near Mint","English","","","2024-11-22 15:24:24.040000","7","False","True",""
"1","1","Annul","eoe","Near Mint","English","foil","","2025-07-30 21:33:35.050000","46","False","False","0.23"
"1","1","Annul","eoe","Near Mint","English","","","2025-07-26 09:56:55.443000","46","False","False","0.18"
"1","1","Annul","eoe","Near Mint","English","","","2025-07-30 21:33:35.050000","46","False","False","0.20"
"1","1","Anointed Procession","akh","Near Mint","English","","","2024-11-22 15:24:24.040000","2","False","True",""
"1","1","Anrakyr the Traveller","40k","Near Mint","English","","","2024-11-22 15:20:41.897000","28","False","False",""
"1","1","Antarctic Research Base","who","Near Mint","English","","","2024-11-22 15:16:16.183000","567","False","False",""
"1","1","Anthem of Champions","fdn","Near Mint","English","foil","","2024-11-24 19:39:48.927000","116","False","False",""
"1","1","Anthropede","dsk","Near Mint","English","","","2024-11-24 19:39:48.927000","167","False","False",""
"1","1","Anticausal Vestige","eoe","Near Mint","English","","","2025-07-30 21:33:35.050000","1","False","False","0.31"
"2","2","Anti-Venom, Horrifying Healer","spm","Near Mint","English","","","2025-09-23 09:54:41.323000","1","False","False","12.14"
"1","1","Anya, Merciless Angel","mkc","Near Mint","German","","","2024-11-22 15:16:12.420000","199","False","False",""
"2","2","A-Omnath, Locus of Creation","znr","Near Mint","English","","","2024-11-22 15:14:01.977000","A-232","False","True",""
"2","2","Apex Devastator","cmr","Near Mint","English","","","2024-11-22 15:14:01.977000","217","False","True",""
"1","1","Apex Devastator","m3c","Near Mint","English","","","2024-11-24 19:39:48.927000","220","False","False",""
"1","1","Aplan Mortarium","who","Near Mint","English","","","2024-11-22 15:20:51.547000","568","False","False",""
"1","1","Apocalypse Runner","dft","Near Mint","English","foil","","2025-02-12 11:20:40.577000","188","False","False","0.16"
"2","2","Apocalypse Runner","dft","Near Mint","English","foil","","2025-02-12 11:20:40.577000","319","False","False","0.23"
"1","1","Apocalypse Runner","dft","Near Mint","English","","","2025-02-12 11:20:40.577000","319","False","False","0.07"
"1","1","Apothecary Stomper","fdn","Near Mint","English","foil","","2024-11-24 19:39:48.927000","99","False","False",""
"1","1","Apothecary Stomper","fdn","Near Mint","English","","","2024-11-24 19:39:48.927000","99","False","False",""
"1","1","Appendage Amalgam","dsk","Near Mint","English","","","2024-11-24 19:39:48.927000","83","False","False",""
"1","1","Applejack","sld","Near Mint","English","","","2025-12-23 18:56:23.957000","1537","False","True",""
"2","2","Arachne, Psionic Weaver","spm","Near Mint","English","","","2025-09-23 09:54:41.323000","2","False","False","0.02"
"1","1","Aragorn, Company Leader","ltr","Near Mint","English","","","2024-11-24 19:39:48.927000","410","False","False",""
"1","1","Aragorn, the Uniter","ltr","Near Mint","English","","","2024-11-24 19:39:48.927000","192","False","False",""
"1","1","Arashin Sunshield","tdm","Near Mint","English","","","2025-05-06 15:17:00.747000","3","False","False","0.07"
"1","1","Arashin Sunshield","tdm","Near Mint","English","","","2025-07-26 09:18:22.063000","3","False","False","0.02"
"1","1","Arbiter of Woe","fdn","Near Mint","English","","","2024-11-24 18:24:36.417000","55","False","False",""
"1","1","Arbiter of Woe","fdn","Near Mint","English","","","2024-11-22 14:40:56.793000","55","False","False",""
"1","1","Arbor Armament","dom","Near Mint","English","","","2024-11-24 19:39:48.927000","155","False","False",""
"1","1","Arc Spitter","snc","Near Mint","English","foil","","2025-05-06 15:17:00.747000","233","False","False","0.17"
"1","1","Arcade Gannon","pip","Near Mint","English","","","2025-02-12 09:57:21.140000","92","False","False",""
"1","1","Arcades, the Strategist","m19","Near Mint","English","","","2024-11-22 15:14:01.977000","212","False","True",""
"1","1","Arcane Denial","ltc","Near Mint","English","","","2024-11-22 15:19:33.827000","184","False","False",""
"1","1","Arcane Denial","all","Near Mint","English","","","2024-11-22 15:14:01.977000","22b","False","True",""
"1","1","Arcane Denial","cmr","Near Mint","English","","","2025-03-31 14:21:49.867000","393","False","True",""
"1","1","Arcane Denial","ltc","Near Mint","English","","","2025-02-12 10:22:31.600000","184","False","True",""
"1","1","Arcane Denial","m3c","Near Mint","English","","","2024-11-22 15:17:16.627000","176","False","False",""
"1","1","Arcane Denial","dsc","Near Mint","English","","","2024-11-22 15:20:45.317000","110","False","False",""
"1","1","Arcane Denial","drc","Near Mint","English","","","2025-02-07 23:57:06.363000","70","False","False",""
"1","1","Arcane Epiphany","fdn","Near Mint","English","","","2024-11-24 19:39:48.927000","29","False","False",""
"1","1","Arcane Lighthouse","mb2","Near Mint","English","","","2024-12-27 11:58:00.207000","102","False","False",""
"1","1","Arcane Sanctum","40k","Near Mint","English","","","2024-11-22 15:16:41.393000","264","False","False",""
"1","1","Arcane Sanctum","dsc","Near Mint","English","","","2024-11-22 15:20:45.317000","259","False","False",""
"1","1","Arcane Sanctum","drc","Near Mint","English","","","2025-02-07 23:56:56.013000","146","False","False",""
"1","1","Arcane Sanctum","fic","Near Mint","English","","","2025-05-16 12:21:37.797000","373","False","False",""
"1","1","Arcane Signet","drc","Near Mint","English","","","2025-02-07 23:57:06.363000","52","False","False",""
"1","1","Arcane Signet","fdc","Near Mint","English","foil","","2024-11-24 18:24:36.417000","1","False","False",""
"1","1","Arcane Signet","sld","Near Mint","English","foil","","2024-12-18 16:10:29.890000","908","False","False",""
"2","2","Arcane Signet","dsc","Near Mint","English","","","2024-11-22 15:20:45.317000","92","False","False",""
"2","2","Arcane Signet","blc","Near Mint","English","","","2024-11-22 15:16:07.337000","127","False","False",""
"2","2","Arcane Signet","m3c","Near Mint","English","","","2025-02-12 09:57:14.543000","283","False","False",""
"1","1","Arcane Signet","pip","Near Mint","English","","","2025-02-12 09:57:21.140000","224","False","False",""
"1","1","Arcane Signet","sld","Near Mint","English","foil","","2024-11-22 15:14:01.977000","1492★","False","True",""
"1","1","Arcane Signet","mkc","Near Mint","German","","","2024-11-22 15:16:12.420000","223","False","False",""
"1","1","Arcane Signet","lcc","Near Mint","English","","","2024-11-22 15:15:33.823000","299","False","False",""
"1","1","Arcane Signet","who","Near Mint","English","","","2025-02-12 10:22:34.590000","239","False","True",""
"2","2","Arcane Signet","ltc","Near Mint","English","","","2024-11-22 15:16:38.547000","273","False","False",""
"1","1","Arcane Signet","moc","Near Mint","English","","","2024-11-22 15:14:01.977000","348","False","True",""
"1","1","Arcane Signet","40k","Near Mint","English","","","2024-11-22 15:20:41.897000","228","False","False",""
"1","1","Arcane Signet","40k","Near Mint","English","","","2024-11-22 15:16:41.393000","229","False","False",""
"2","2","Arcane Signet","clb","Near Mint","English","","","2024-11-22 15:20:35.913000","298","False","False",""
"1","1","Arcane Signet","ncc","Near Mint","English","","","2024-11-22 15:14:01.977000","360","False","True",""
"1","1","Arcane Signet","nec","Near Mint","English","","","2024-11-22 20:34:38.470000","144","False","False",""
"1","1","Arcane Signet","c21","Near Mint","English","","","2024-11-22 15:20:33.160000","234","False","False",""
"1","1","Arcane Signet","khc","Near Mint","English","","","2024-11-22 15:14:01.977000","96","False","True",""
"1","1","Arcane Signet","c20","Near Mint","English","","","2025-03-31 14:21:49.867000","237","False","True",""
"1","1","Arcane Signet","drc","Near Mint","English","","","2025-02-07 23:56:56.013000","51","False","False",""
"4","4","Arcane Signet","fic","Near Mint","English","","","2025-05-16 12:21:48.280000","332","False","False",""
"2","2","Arcane Signet","eoc","Near Mint","English","","","2025-07-18 12:42:44.160000","53","False","False",""
"2","2","Arcane Signet","clb","Near Mint","English","","","2024-11-22 15:14:01.977000","298","False","True",""
"4","4","Arcane Signet","who","Near Mint","English","","","2024-11-22 15:20:51.547000","239","False","False",""
"1","1","Arcane Signet","fdc","Near Mint","English","foil","","2024-11-22 14:40:56.793000","1","False","False",""
"1","1","Arcanis the Omnipotent","fdn","Near Mint","English","","","2024-11-24 18:24:36.417000","585","False","False",""
"1","1","Arcanis the Omnipotent","fdn","Near Mint","English","","","2024-11-22 14:40:56.793000","585","False","False",""
"2","2","Arcanist's Owl","nec","Near Mint","English","","","2024-11-22 20:34:38.470000","135","False","False",""
"1","1","Arcbond","frf","Near Mint","English","","","2024-11-22 15:14:01.977000","91","False","True",""
"1","1","Archaeomancer's Map","fic","Near Mint","English","","","2025-05-16 12:21:37.797000","230","False","False",""
"1","1","Archdruid's Charm","mkm","Near Mint","English","","","2025-07-26 09:18:22.063000","151","False","False","4.79"
"2","2","Archdruid's Charm","mkm","Near Mint","English","","","2025-05-11 09:29:26.383000","151","False","False",""
"1","1","Archdruid's Charm","mkm","Near Mint","English","","","2024-11-22 15:14:01.977000","151","False","True",""
"1","1","Archenemy's Charm","eoe","Near Mint","English","","","2025-07-26 09:56:55.443000","88","False","False","1.25"
"1","1","Archetype of Endurance","bng","Near Mint","English","","","2024-11-22 15:14:01.977000","116","False","True",""
"1","1","Archetype of Imagination","dsc","Near Mint","English","","","2024-11-22 15:20:45.317000","111","False","False",""
"1","1","Archfiend of Depravity","fic","Near Mint","English","","","2025-05-16 12:21:33.833000","273","False","False",""
"1","1","Archfiend of Ifnir","drc","Near Mint","English","","","2025-02-07 23:56:56.013000","86","False","False",""
"1","1","Archfiend of the Dross","one","Near Mint","English","","","2024-11-22 15:14:01.977000","82","False","True",""
"1","1","Archfiend's Vessel","m21","Near Mint","English","","","2024-11-24 19:39:48.927000","88","False","False",""
"1","1","Architect of the Untamed","kld","Near Mint","English","","","2025-01-16 19:40:38.033000","143","False","False",""
"1","1","Architect of the Untamed","drc","Near Mint","English","","","2025-02-12 11:20:40.577000","108","False","False","0.25"
"1","1","Architect of the Untamed","drc","Near Mint","English","","","2025-02-07 23:57:06.363000","108","False","False",""
"1","1","Archmage Emeritus","fic","Near Mint","English","","","2025-05-16 12:21:37.797000","261","False","False",""
"1","1","Archmage of Runes","fdn","Near Mint","English","foil","","2024-11-24 19:39:48.927000","30","False","False",""
"1","1","Archon of Coronation","ncc","Near Mint","English","","","2024-11-22 15:14:01.977000","192","False","True",""
"1","1","Archon of Cruelty","m3c","Near Mint","English","","","2025-03-31 14:21:49.867000","197","False","True",""
"1","1","Archon of Falling Stars","thb","Near Mint","English","","","2024-11-24 19:39:48.927000","2","False","False",""
"1","1","Archpriest of Iona","clb","Near Mint","English","","","2024-11-22 15:20:35.913000","686","False","False",""
"1","1","Archway Angel","fdn","Near Mint","English","","","2024-11-24 18:24:36.417000","566","False","False",""
"1","1","Archway Angel","fdn","Near Mint","English","","","2024-11-22 14:40:56.793000","566","False","False",""
"1","1","Arco-Flagellant","40k","Near Mint","English","","","2024-11-22 15:16:41.393000","29","False","False",""
"1","1","Ardbert, Warrior of Darkness","fic","Near Mint","English","","","2025-05-16 12:21:37.797000","77","False","False",""
"1","1","Arena Athlete","uma","Near Mint","English","","","2024-11-24 19:39:48.927000","123","False","False",""
"1","1","Argoth, Sanctum of Nature","bro","Near Mint","English","","","2024-11-22 15:14:01.977000","256","False","True",""
"2","2","Argoth, Sanctum of Nature","bro","Near Mint","English","","","2024-11-22 15:14:01.977000","256","False","True",""
"1","1","Arid Mesa","zen","Near Mint","English","","","2025-06-20 12:23:17.913000","211","False","True",""
"1","1","Arixmethes, Slumbering Isle","dsc","Near Mint","English","","","2024-11-22 15:17:31.903000","211","False","False",""
"1","1","Arixmethes, Slumbering Isle","mul","Near Mint","English","etched","","2025-07-26 09:56:55.443000","97","False","False","2.27"
"1","1","Arixmethes, Slumbering Isle","mul","Near Mint","English","etched","","2025-09-19 09:34:34.773000","97","False","False","1.98"
"1","1","Armament Dragon","tdm","Near Mint","English","","","2025-05-06 15:17:00.747000","168","False","False","0.21"
"1","1","Armament Dragon","tdm","Near Mint","English","","","2025-07-26 09:18:22.063000","168","False","False","0.10"
"2","2","Armed and Armored","nec","Near Mint","English","","","2024-11-22 20:34:38.470000","80","False","False",""
"1","1","Arm-Mounted Anchor","lcc","Near Mint","English","","","2024-11-22 15:15:33.823000","99","False","False",""
"1","1","Armory Automaton","fic","Near Mint","English","","","2025-05-16 12:21:41.457000","336","False","False",""
"1","1","Arrogant Outlaw","mid","Near Mint","English","","","2024-11-24 19:39:48.927000","84","False","False",""
"1","1","Arvinox, the Mind Flail","dsc","Near Mint","English","","","2024-11-22 15:20:45.317000","130","False","False",""
"1","1","As Foretold","who","Near Mint","English","","","2024-11-22 15:20:30.043000","214","False","False",""
"1","1","Asceticism","plst","Near Mint","English","","","2024-11-22 15:16:07.337000","SOM-110","False","False",""
"1","1","Ash Barrens","mkc","Near Mint","English","","","2025-01-15 16:21:29.290000","248","False","False",""
"1","1","Ash Barrens","drc","Near Mint","English","","","2025-02-07 23:56:56.013000","147","False","False",""
"2","2","Ash Barrens","clb","Near Mint","English","","","2024-11-22 15:20:35.913000","880","False","False",""
"1","1","Ash Barrens","40k","Near Mint","English","","","2024-11-22 15:16:41.393000","265","False","False",""
"1","1","Ash Barrens","ltc","Near Mint","English","","","2024-11-22 15:16:38.547000","295","False","False",""
"1","1","Ash Barrens","who","Near Mint","English","","","2024-11-22 15:16:16.183000","257","False","False",""
"1","1","Ash Barrens","mkc","Near Mint","German","","","2024-11-22 15:16:12.420000","248","False","False",""
"1","1","Ash Barrens","pip","Near Mint","English","","","2025-02-12 09:57:21.140000","253","False","False",""
"2","2","Ash Barrens","dsc","Near Mint","English","","","2024-11-22 15:20:45.317000","260","False","False",""
"1","1","Ash Barrens","drc","Near Mint","English","","","2025-02-12 11:20:40.577000","147","False","False","0.15"
"4","4","Ash Barrens","fic","Near Mint","English","","","2025-05-16 12:21:48.280000","374","False","False",""
"1","1","Ashad, the Lone Cyberman","who","Near Mint","English","","","2024-11-22 15:20:51.547000","113","False","False",""
"1","1","Ashaya, Soul of the Wild","znr","Near Mint","English","","","2024-11-22 15:14:01.977000","179","False","True",""
"1","1","Ashaya, Soul of the Wild","pznr","Near Mint","English","","","2024-11-22 15:17:16.627000","179p","False","False",""
"1","1","Ashaya, Soul of the Wild","dsc","Near Mint","English","","","2024-11-22 15:17:31.903000","170","False","False",""
"2","2","Ashe, Princess of Dalmasca","fin","Near Mint","English","foil","","2025-07-26 09:17:37.360000","7","False","False",""
"1","1","Ashe, Princess of Dalmasca","fin","Near Mint","English","","","2025-09-19 09:34:34.773000","7","False","False","0.10"
"1","1","Ashnod's Altar","brr","Near Mint","English","","","2024-11-22 15:14:17.373000","4","False","True",""
"1","1","Ashroot Animist","fdn","Near Mint","English","","","2024-11-24 19:39:48.927000","117","False","False",""
"1","1","Assassin Gauntlet","acr","Near Mint","German","","","2025-02-10 10:21:01.057000","12","False","False",""
"1","1","Assassin's Trophy","2x2","Near Mint","English","","","2024-11-22 15:14:17.373000","372","False","True",""
"1","1","Assault Formation","jmp","Near Mint","English","","","2024-11-22 15:14:17.373000","378","False","True",""
"1","1","Assault Intercessor","40k","Near Mint","English","","","2024-11-22 15:16:41.393000","104","False","False",""
"1","1","Assault Suit","40k","Near Mint","English","","","2024-11-22 15:14:17.373000","230","False","True",""
"1","1","Assaultron Dominator","pip","Near Mint","English","","","2025-02-12 09:57:21.140000","54","False","False",""
"1","1","Assemble the Entmoot","ltc","Near Mint","English","","","2024-11-22 15:16:38.547000","36","False","False",""
"1","1","Astral Cornucopia","eoc","Near Mint","English","","","2025-07-18 12:42:44.160000","131","False","False",""
"1","1","Astral Dragon","clb","Near Mint","English","","","2025-03-31 14:21:49.867000","664","False","True",""
"1","1","Astrologian's Planisphere","fin","Near Mint","English","","","2025-09-19 09:34:34.773000","46","False","False","1.36"
"1","1","Astrologian's Planisphere","fin","Near Mint","English","","","2025-05-16 12:21:37.797000","46","False","False",""
"1","1","Athreos, Shroud-Veiled","dsc","Near Mint","English","","","2024-11-22 15:20:45.317000","212","False","False",""
"1","1","Atla Palani, Nest Tender","2x2","Near Mint","English","","","2025-03-26 18:15:38.480000","177","False","False",""
"2","2","Atomic Microsizer","eoe","Near Mint","English","","","2025-07-30 21:33:35.050000","47","False","False","0.14"
"1","1","Atomwheel Acrobats","unf","Near Mint","English","","","2025-07-26 09:57:00.937000","130","False","False","0.06"
"1","1","Atraxa's Fall","mom","Near Mint","English","foil","","2025-01-15 16:39:55.240000","176","False","False",""
"1","1","Atraxi Warden","who","Near Mint","English","","","2024-11-22 15:20:30.043000","12","False","False",""
"1","1","Attack-in-the-Box","dsk","Near Mint","English","foil","","2024-11-24 19:39:48.927000","242","False","False",""
"1","1","Attack-in-the-Box","dsk","Near Mint","English","","","2024-11-24 19:39:48.927000","242","False","False",""
"1","1","Attrition","cmd","Near Mint","English","","","2024-11-22 15:14:17.373000","72","False","True",""
"1","1","Attune with Aether","drc","Near Mint","English","","","2025-02-07 23:57:06.363000","109","False","False",""
"1","1","Attune with Aether","kld","Near Mint","English","","","2025-01-16 19:40:38.033000","145","False","False",""
"1","1","Attune with Aether","drc","Near Mint","English","","","2025-02-12 11:20:40.577000","109","False","False","0.09"
"2","2","Attuned Hunter","tdm","Near Mint","English","","","2025-05-06 15:17:00.747000","135","False","False","0.14"
"3","3","Attuned Hunter","tdm","Near Mint","English","","","2025-07-26 09:18:22.063000","135","False","False","0.07"
"1","1","Audacious Swap","ncc","Near Mint","English","","","2025-05-06 15:17:00.747000","44","False","False","0.19"
"1","1","Audacious Thief","m20","Near Mint","English","","","2024-11-24 19:39:48.927000","84","False","False",""
"1","1","Augur of Autumn","dsc","Near Mint","English","","","2024-11-22 15:17:31.903000","171","False","False",""
"1","1","Augur of Autumn","eoc","Near Mint","English","","","2025-07-18 12:41:35.500000","92","False","False",""
"1","1","Aunt May","spm","Near Mint","English","","","2025-09-23 09:54:41.323000","3","False","False","0.41"
"1","1","Aura of Dominion","chk","Near Mint","English","","","2025-07-22 18:22:27.070000","51","False","False","5.00"
"2","2","Aura Shards","plst","Near Mint","English","","","2024-11-22 15:14:17.373000","CMD-182","False","True",""
"1","1","Auramancer","dsc","Near Mint","English","","","2024-11-22 15:20:45.317000","97","False","False",""
"1","1","Aurelia, the Warleader","fdn","Near Mint","English","","","2024-11-22 14:40:56.793000","651","False","False",""
"1","1","Aurelia, the Warleader","fdn","Near Mint","English","","","2024-11-24 18:24:36.417000","651","False","False",""
"1","1","Auron, Venerated Guardian","fic","Near Mint","English","","","2025-05-16 12:21:48.280000","10","False","False",""
"4","4","Auron's Inspiration","fin","Near Mint","English","","","2025-07-26 09:17:37.360000","8","False","False",""
"1","1","Auron's Inspiration","fin","Near Mint","English","","","2025-09-19 09:34:34.773000","8","False","False","0.09"
"1","1","Aurora Phoenix","clb","Near Mint","English","","","2024-11-24 19:39:48.927000","778","False","False",""
"1","1","Aurora Shifter","m3c","Near Mint","English","","","2025-02-12 09:57:14.543000","97","False","False",""
"1","1","Auspicious Arrival","mkm","Near Mint","English","","","2025-05-06 15:17:00.747000","288","False","False","0.12"
"1","1","Auspicious Arrival","mkm","Near Mint","English","foil","","2025-07-26 09:18:22.063000","5","False","False","0.08"
"1","1","Auspicious Arrival","mkm","Near Mint","English","foil","","2025-07-26 09:18:22.063000","288","False","False","0.05"
"1","1","Auspicious Arrival","mkm","Near Mint","English","foil","","2025-05-11 09:30:49.283000","5","False","False",""
"1","1","Austere Command","clb","Near Mint","English","","","2024-11-22 15:20:35.913000","687","False","False",""
"1","1","Austere Command","pip","Near Mint","English","","","2025-02-12 09:57:21.140000","156","False","False",""
"1","1","Austere Command","m3c","Near Mint","English","","","2025-02-12 09:57:14.543000","167","False","False",""
"1","1","Austere Command","fic","Near Mint","English","","","2025-05-16 12:21:41.457000","231","False","False",""
"1","1","Autarch Mammoth","dft","Near Mint","English","","","2025-02-12 11:20:40.577000","153","False","False","0.08"
"1","1","Autarch Mammoth","dft","Near Mint","English","foil","","2025-02-12 11:20:40.577000","153","False","False","0.20"
"1","1","Author of Shadows","c21","Near Mint","English","","","2024-11-22 15:20:33.160000","35","False","False",""
"1","1","Authority of the Consuls","kld","Near Mint","English","","","2024-11-22 15:14:17.373000","5","False","True",""
"1","1","Authority of the Consuls","fic","Near Mint","English","","","2025-05-16 12:21:37.797000","232","False","False",""
"1","1","Automated Assembly Line","pip","Near Mint","English","","","2025-02-12 11:20:40.577000","10","False","False","0.23"
"2","2","Automated Assembly Line","pip","Near Mint","English","","","2025-02-12 09:57:21.140000","10","False","False",""
"1","1","Auton Soldier","who","Near Mint","English","","","2024-11-22 15:20:51.547000","36","False","False",""
"6","6","Auxiliary Boosters","eoe","Near Mint","English","","","2025-07-30 21:33:35.050000","5","False","False","0.09"
"1","1","Avacynian Priest","inr","Near Mint","English","","","2025-05-06 15:17:00.747000","12","False","False","0.02"
"1","1","Avalanche of Sector 7","fic","Near Mint","English","","","2025-05-16 12:21:41.457000","53","False","False",""
"1","1","Aveline de Grandpré","acr","Near Mint","English","foil","","2024-11-24 19:39:48.927000","40","False","False",""
"1","1","Aven Courier","ncc","Near Mint","English","","","2024-11-22 15:17:16.627000","22","False","False",""
"1","1","Aven Mindcensor","clb","Near Mint","English","","","2024-11-22 15:20:35.913000","688","False","False",""
"1","1","Avenger of Zendikar","ddp","Near Mint","English","foil","","2024-11-22 15:14:17.373000","1","False","True",""
"1","1","Avenger of Zendikar","m3c","Near Mint","English","","","2024-11-22 15:17:16.627000","221","False","False",""
"1","1","Avenging Huntbonder","ncc","Near Mint","English","","","2025-07-26 09:18:22.063000","194","False","False","0.21"
"1","1","Avenging Huntbonder","ncc","Near Mint","English","","","2025-04-02 09:45:45.423000","194","False","False",""
"1","1","Avishkar Raceway","dft","Near Mint","English","foil","","2025-02-12 11:20:40.577000","425","False","False","0.13"
"1","1","Awaken the Woods","pbro","Near Mint","English","","","2024-11-22 15:17:16.627000","170p","False","False",""
"2","2","Awakening Zone","roe","Near Mint","English","","","2024-11-22 15:14:17.373000","176","False","True",""
"1","1","Axebane Ferox","mkm","Near Mint","English","","","2025-07-26 09:18:22.063000","153","False","False","0.19"
"1","1","Axebane Ferox","mkm","Near Mint","English","","","2025-05-06 15:17:00.747000","153","False","False","0.22"
"1","1","Axebane Guardian","rtr","Near Mint","English","","","2024-11-22 15:14:17.373000","115","False","True",""
"1","1","Axgard Armory","khm","Near Mint","English","","","2025-06-20 12:17:55.467000","250","False","False",""
"1","1","Axgard Cavalry","fdn","Near Mint","English","","","2024-11-24 19:39:48.927000","189","False","False",""
"1","1","Ayara, First of Locthwain","eld","Near Mint","English","foil","","2024-11-22 15:14:17.373000","75","False","True",""
"1","1","Ayli, Eternal Pilgrim","fdn","Near Mint","English","","","2024-11-24 18:24:36.417000","652","False","False",""
"1","1","Ayli, Eternal Pilgrim","fdn","Near Mint","English","","","2024-11-22 14:40:56.793000","652","False","False",""
"1","1","Azlask, the Swelling Scourge","m3c","Near Mint","English","foil","","2025-12-18 21:16:34.907000","136","False","False",""
"1","1","Azorius Chancery","dsc","Near Mint","English","","","2024-11-22 15:20:45.317000","261","False","False",""
"1","1","Azorius Chancery","m3c","Near Mint","English","","","2025-02-12 09:57:14.543000","319","False","False",""
"1","1","Azorius Guildgate","fdn","Near Mint","English","","","2024-11-24 18:24:36.417000","683","False","False",""
"1","1","Azorius Guildgate","fdn","Near Mint","English","","","2024-11-22 14:40:56.793000","683","False","False",""
"1","1","Azorius Signet","dsc","Near Mint","English","","","2024-11-22 15:20:45.317000","240","False","False",""
"1","1","Azorius Signet","nec","Near Mint","English","","","2024-11-22 20:34:38.470000","145","False","False",""
"1","1","Azure Drake","m11","Near Mint","English","","","2024-11-24 19:39:48.927000","46","False","False",""
"1","1","Azure Fleet Admiral","lcc","Near Mint","English","","","2024-11-22 15:15:33.823000","144","False","False",""
"1","1","Azusa, Lost but Seeking","sld","Near Mint","English","foil","","2024-11-22 11:44:24.837000","1597★","False","False",""
"1","1","Azusa, Lost but Seeking","m21","Near Mint","English","","","2024-11-22 15:14:17.373000","173","False","True",""
"1","1","Back for More","otp","Near Mint","English","","","2024-12-27 11:52:44.330000","36","False","False",""
"1","1","Back on Track","dft","Near Mint","English","","","2025-02-12 11:20:40.577000","76","False","False","0.14"
"1","1","Backlash","inv","Near Mint","English","","","2024-11-22 15:14:17.373000","234","False","True",""
"1","1","Backup Agent","snc","Near Mint","English","foil","","2025-05-06 15:17:00.747000","2","False","False","0.16"
"1","1","Bad Wolf Bay","who","Near Mint","English","","","2024-11-22 15:20:30.043000","569","False","False",""
"7","7","Bagel and Schmear","spm","Near Mint","English","","","2025-09-23 09:54:41.323000","161","False","False","0.05"
"1","1","Baird, Steward of Argive","cmm","Near Mint","English","","","2024-11-22 15:14:17.373000","15","False","True",""
"1","1","Bake into a Pie","fdn","Near Mint","English","","","2024-11-24 19:39:48.927000","169","False","False",""
"1","1","Bala Ged Recovery // Bala Ged Sanctuary","znr","Near Mint","English","","","2024-11-22 15:14:17.373000","180","False","True",""
"1","1","Bala Ged Recovery // Bala Ged Sanctuary","znr","Near Mint","English","","","2024-11-22 15:14:17.373000","180","False","True",""
"1","1","Bala Ged Recovery // Bala Ged Sanctuary","znr","Near Mint","English","","","2024-11-22 15:14:17.373000","180","False","True",""
"1","1","Balamb Garden, SeeD Academy // Balamb Garden, Airborne","fin","Near Mint","English","","","2025-09-19 09:34:34.773000","272","False","False","0.30"
"2","2","Balamb T-Rexaur","fin","Near Mint","English","foil","","2025-07-26 09:17:37.360000","173","False","False",""
"3","3","Balamb T-Rexaur","fin","Near Mint","English","","","2025-09-19 09:34:34.773000","173","False","False","0.08"
"4","4","Balamb T-Rexaur","fin","Near Mint","English","","","2025-07-26 09:17:37.360000","173","False","False",""
"1","1","Baldin, Century Herdmaster","sld","Near Mint","English","","","2024-11-22 11:48:15.790000","428","False","False",""
"2","2","Baldur's Gate","clb","Near Mint","English","","","2024-11-22 15:14:17.373000","600","False","True",""
"1","1","Baleful Strix","fic","Near Mint","English","","","2025-05-16 12:21:37.797000","318","False","False",""
"1","1","Balemurk Leech","dsk","Near Mint","English","foil","","2024-11-24 19:39:48.927000","84","False","False",""
"1","1","Ball Lightning","fdn","Near Mint","English","","","2024-11-24 18:24:36.417000","618","False","False",""
"1","1","Ball Lightning","fdn","Near Mint","English","","","2024-11-22 14:40:56.793000","618","False","False",""
"1","1","Ballyrush Banneret","fdn","Near Mint","English","","","2024-11-22 14:40:56.793000","567","False","False",""
"1","1","Ballyrush Banneret","fdn","Near Mint","English","","","2024-11-24 18:24:36.417000","567","False","False",""
"1","1","Baloth Prime","eoc","Near Mint","English","","","2025-07-18 12:41:35.500000","13","False","False",""
"4","4","Balthier and Fran","fin","Near Mint","English","","","2025-07-26 09:17:37.360000","213","False","False",""
"1","1","Balthier and Fran","fin","Near Mint","English","","","2025-09-19 09:34:34.773000","213","False","False","0.24"
"2","2","Balthier and Fran","fin","Near Mint","English","foil","","2025-07-26 09:17:37.360000","393","False","False",""
"1","1","Balustrade Wurm","dsk","Near Mint","English","foil","","2024-11-24 19:39:48.927000","319","False","False",""
"1","1","Band Together","clu","Near Mint","English","","","2024-11-24 19:39:48.927000","156","False","False",""
"1","1","Bandit's Talent","blb","Near Mint","English","","","2024-11-24 19:39:48.927000","83","False","False",""
"1","1","Bane of Progress","c15","Near Mint","English","","","2024-11-22 15:14:17.373000","175","False","True",""
"1","1","Bane of Progress","fic","Near Mint","English","","","2025-05-16 12:21:48.280000","299","False","False",""
"1","1","Bane of Progress","c15","Near Mint","English","","","2024-11-22 15:14:17.373000","175","False","True",""
"1","1","Baneful Omen","roe","Near Mint","English","","","2025-03-31 14:21:49.867000","96","False","True",""
"1","1","Banish to Another Universe","who","Near Mint","English","","","2024-11-22 15:16:16.183000","13","False","False",""
"1","1","Banishing Light","j25","Near Mint","English","","","2024-11-24 19:39:48.927000","96","False","False",""
"1","1","Banishing Light","fdn","Near Mint","English","foil","","2024-11-24 19:39:48.927000","138","False","False",""
"6","6","Banishing Light","eoe","Near Mint","English","","","2025-07-30 21:33:35.050000","6","False","False","0.10"
"1","1","Banishing Light","fdn","Near Mint","English","","","2024-11-24 19:39:48.927000","138","False","False",""
"1","1","Banon, the Returners' Leader","fic","Near Mint","English","","","2025-05-16 12:21:33.833000","78","False","False",""
"1","1","Banquet Guests","ltc","Near Mint","English","","","2024-11-22 15:16:38.547000","47","False","False",""
"1","1","Barbara Wright","who","Near Mint","English","","","2024-11-22 15:16:16.183000","14","False","False",""
"1","1","Barbed Batterfist","one","Near Mint","English","","","2025-06-20 12:06:23.467000","121","False","False",""
"1","1","Barbed Spike","mh2","Near Mint","English","","","2025-06-20 12:07:35.850000","5","False","False",""
"4","4","Bard's Bow","fin","Near Mint","English","","","2025-07-26 09:17:37.360000","174","False","False",""
"2","2","Bard's Bow","fin","Near Mint","English","","","2025-09-19 09:34:34.773000","174","False","False","0.03"
"2","2","Bard's Bow","fin","Near Mint","German","","","2025-07-26 09:17:37.360000","174","False","False",""
"1","1","Barkchannel Pathway // Tidechannel Pathway","khm","Near Mint","English","","","2024-11-22 15:14:17.373000","251","False","True",""
"1","1","Barkchannel Pathway // Tidechannel Pathway","khm","Near Mint","English","","","2024-11-22 15:14:17.373000","251","False","True",""
"1","1","Barkform Harvester","blb","Near Mint","English","foil","","2024-11-24 19:39:48.927000","243","False","False",""
"1","1","Baron, Airship Kingdom","fin","Near Mint","English","","","2025-09-19 09:34:34.773000","273","False","False","0.08"
"1","1","Barren Moor","c21","Near Mint","English","","","2024-11-22 15:20:33.160000","277","False","False",""
"1","1","Barren Moor","40k","Near Mint","English","","","2024-11-22 15:20:41.897000","266","False","False",""
"1","1","Barrensteppe Siege","tdm","Near Mint","English","","","2025-05-06 15:17:00.747000","384","False","False","0.03"
"1","1","Barrensteppe Siege","tdm","Near Mint","English","","","2025-05-06 15:17:00.747000","171","False","False","0.02"
"1","1","Barrensteppe Siege","tdm","Near Mint","English","","","2025-07-26 09:18:22.063000","171","False","False","0.38"
"1","1","Barrensteppe Siege","tdm","Near Mint","English","","","2025-07-26 09:18:22.063000","384","False","False","0.53"
"2","2","Barret Wallace","fin","Near Mint","English","","","2025-06-08 10:39:10.937000","129","False","False",""
"1","1","Barret Wallace","fin","Near Mint","English","","","2025-09-19 09:34:34.773000","129","False","False","0.06"
"1","1","Barret, Avalanche Leader","fic","Near Mint","English","","","2025-05-16 12:21:41.457000","79","False","False",""
"1","1","Basalt Monolith","ltc","Near Mint","English","","","2024-11-22 15:19:33.827000","274","False","False",""
"1","1","Baseball Bat","dsk","Near Mint","English","","","2024-11-24 19:39:48.927000","209","False","False",""
"1","1","Basilica Shepherd","one","Near Mint","English","foil","","2024-11-24 19:39:48.927000","4","False","False",""
"1","1","Basilica Shepherd","one","Near Mint","English","","","2024-11-22 15:24:24.040000","4","False","True",""
"1","1","Basilisk Collar","fdn","Near Mint","English","","","2024-11-22 14:40:56.793000","669","False","False",""
"1","1","Basilisk Collar","fdn","Near Mint","English","","","2024-11-24 18:24:36.417000","669","False","False",""
"1","1","Basilisk Gate","m3c","Near Mint","English","","","2024-11-22 15:17:16.627000","320","False","False",""
"1","1","Basri's Acolyte","m21","Near Mint","English","","","2024-11-24 19:39:48.927000","8","False","False",""
"1","1","Bastion of Remembrance","fic","Near Mint","English","","","2025-05-16 12:21:37.797000","274","False","False",""
"1","1","Bastion Protector","40k","Near Mint","English","","","2024-11-22 15:16:41.393000","182","False","False",""
"1","1","Bastion Protector","fic","Near Mint","English","","","2025-05-16 12:21:41.457000","233","False","False",""
"1","1","Bathe in Dragonfire","bbd","Near Mint","English","","","2024-11-24 19:39:48.927000","164","False","False",""
"1","1","Baton of Morale","ice","Near Mint","English","","","2024-11-22 15:14:17.373000","313","False","True",""
"1","1","Batterbone","mh2","Near Mint","German","","","2025-06-20 12:05:48.527000","221","False","False",""
"2","2","Battering Ram","4ed","Near Mint","English","","","2024-11-22 15:14:17.373000","297","False","True",""
"1","1","Batterskull","nph","Near Mint","English","","","2025-06-20 12:17:35.043000","130","False","False",""
"1","1","Battery Bearer","bro","Near Mint","English","foil","","2025-07-30 21:33:35.050000","207","False","False","0.09"
"1","1","Battle Cry Goblin","j25","Near Mint","English","","","2024-11-24 19:39:48.927000","127","False","False",""
"1","1","Battle Mammoth","khm","Near Mint","English","","","2024-11-22 15:14:17.373000","160","False","True",""
"1","1","Battle Menu","fin","Near Mint","English","","","2025-09-19 09:34:34.773000","9","False","False","0.14"
"1","1","Battlefield Forge","eoc","Near Mint","English","","","2025-07-18 12:42:44.160000","58","False","False",""
"2","2","Battlefield Forge","fic","Near Mint","English","","","2025-05-16 12:21:41.457000","375","False","False",""
"1","1","Battlefield Forge","m3c","Near Mint","English","","","2025-02-12 09:57:14.543000","321","False","False",""
"1","1","Battlefield Forge","ori","Near Mint","English","","","2024-11-22 15:14:17.373000","244","False","True",""
"1","1","Battlefield Improvisation","acr","Near Mint","English","","","2025-06-11 11:33:23.580000","276","False","False",""
"1","1","Battlefield Scavenger","akh","Near Mint","English","","","2024-11-24 19:39:48.927000","118","False","False",""
"1","1","Battlesong Berserker","fdn","Near Mint","English","","","2024-11-24 19:39:48.927000","78","False","False",""
"2","2","Batwing Brume","eve","Near Mint","English","","","2024-11-22 15:14:17.373000","81","False","True",""
"1","1","Beacon of Unrest","40k","Near Mint","English","","","2024-11-22 15:20:41.897000","194","False","False",""
"1","1","Beamsaw Prospector","eoe","Near Mint","English","foil","","2025-07-26 09:56:55.443000","89","False","False","0.22"
"2","2","Beamsaw Prospector","eoe","Near Mint","English","","","2025-07-30 21:33:35.050000","89","False","False","0.13"
"2","2","Beamsaw Prospector","eoe","Near Mint","English","","","2025-07-26 09:56:55.443000","89","False","False","0.10"
"1","1","Beanstalk Giant // Fertile Footsteps","dsc","Near Mint","English","","","2024-11-22 15:17:31.903000","172","False","False",""
"1","1","Beanstalk Giant // Fertile Footsteps","plst","Near Mint","English","","","2024-11-22 15:14:17.373000","ELD-295","False","True",""
"1","1","Bear Trap","dsk","Near Mint","English","","","2024-11-24 19:39:48.927000","243","False","False",""
"1","1","Bear Trap","dsk","Near Mint","English","foil","","2024-11-24 19:39:48.927000","243","False","False",""
"1","1","Bear Umbra","roe","Near Mint","English","","","2024-11-22 15:14:17.373000","177","False","True",""
"2","2","Bear Umbra","roe","Near Mint","English","","","2024-11-22 15:14:17.373000","177","False","True",""
"1","1","Bearer of Glory","tdm","Near Mint","English","","","2025-05-06 15:17:00.747000","4","False","False","0.05"
"1","1","Bearer of Glory","tdm","Near Mint","English","","","2025-07-26 09:18:22.063000","4","False","False","0.02"
"1","1","Beast Whisperer","grn","Near Mint","English","","","2024-11-22 15:14:17.373000","123","False","True",""
"1","1","Beast Within","c20","Near Mint","English","","","2024-11-22 15:14:17.373000","168","False","True",""
"1","1","Beast Within","cn2","Near Mint","English","","","2024-11-22 15:14:17.373000","174","False","True",""
"1","1","Beast Within","c21","Near Mint","English","","","2024-11-22 15:14:17.373000","186","False","True",""
"1","1","Beast Within","nec","Near Mint","English","","","2024-11-22 15:14:17.373000","114","False","True",""
"1","1","Beast Within","who","Near Mint","English","","","2024-11-22 15:20:39.097000","228","False","False",""
"1","1","Beast Within","m3c","Near Mint","English","","","2024-11-22 15:17:16.627000","223","False","False",""
"1","1","Beast Within","eoc","Near Mint","English","","","2025-07-18 12:41:35.500000","93","False","False",""
"1","1","Beast Within","dsc","Near Mint","English","","","2024-11-22 15:17:31.903000","80","False","False",""
"1","1","Beast Within","blc","Near Mint","English","","","2024-11-22 15:16:07.337000","206","False","False",""
"1","1","Beastie Beatdown","dsk","Near Mint","English","","","2024-11-24 19:39:48.927000","210","False","False",""
"1","1","Beastie Beatdown","dsk","Near Mint","English","foil","","2024-11-24 19:39:48.927000","210","False","False",""
"1","1","Beast-Kin Ranger","fdn","Near Mint","English","","","2024-11-24 19:39:48.927000","100","False","False",""
"1","1","Beastrider Vanguard","dft","Near Mint","English","foil","","2025-02-12 11:20:40.577000","154","False","False","0.07"
"1","1","Beastrider Vanguard","dft","Near Mint","English","","","2025-02-12 11:20:40.577000","154","False","False","0.14"
"1","1","Beatrix, Loyal General","fin","Near Mint","English","","","2025-06-08 10:39:10.937000","554","False","False",""
"1","1","Become the Pilot","who","Near Mint","English","","","2024-11-22 15:20:39.097000","37","False","False",""
"1","1","Bedevil","fic","Near Mint","English","","","2025-05-16 12:21:33.833000","319","False","False",""
"1","1","Bedlam","usg","Good (Lightly Played)","French","","","2025-01-11 17:35:23.040000","175","False","False",""
"1","1","Bedlam","usg","Near Mint","English","","","2024-11-22 15:16:07.337000","175","False","False",""
"1","1","Beetle, Legacy Criminal","spm","Near Mint","English","foil","","2025-09-23 09:54:41.323000","26","False","False","0.17"
"4","4","Beetle, Legacy Criminal","spm","Near Mint","English","","","2025-09-23 09:54:41.323000","26","False","False","0.09"
"1","1","Beetleback Chief","j25","Near Mint","English","","","2024-11-24 19:39:48.927000","129","False","False",""
"1","1","Behemoth of Vault 0","pip","Near Mint","English","","","2025-02-12 09:57:21.140000","127","False","False",""
"1","1","Behemoth Sledge","fic","Near Mint","English","","","2025-05-16 12:21:41.457000","320","False","False",""
"1","1","Behold the Power of Destruction","dsc","Near Mint","English","","","2024-11-22 15:20:45.317000","328","False","False",""
"1","1","Belisarius Cawl","40k","Near Mint","English","","","2024-11-22 15:16:41.393000","106","False","False",""
"1","1","Belligerent Guest","vow","Near Mint","English","","","2024-11-24 19:39:48.927000","144","False","False",""
"1","1","Bello, Bard of the Brambles","blc","Near Mint","English","foil","","2024-11-22 15:16:07.337000","1","False","False",""
"1","1","Benalish Hero","4ed","Near Mint","English","","","2024-11-22 15:14:17.373000","7","False","True",""
"1","1","Benevolent Hydra","sld","Near Mint","English","","","2025-02-12 12:25:35.913000","1889","False","False",""
"2","2","Benevolent Offering","voc","Near Mint","English","","","2024-11-22 15:14:17.373000","78","False","True",""
"1","1","Bennie Bracks, Zoologist","ncc","Near Mint","English","","","2025-01-15 16:28:32.610000","94","False","False",""
"1","1","Bennie Bracks, Zoologist","mkc","Near Mint","English","","","2024-11-22 15:24:24.040000","57","False","True",""
"1","1","Bennie Bracks, Zoologist","mkc","Near Mint","English","","","2025-02-12 11:20:40.577000","57","False","False","4.79"
"1","1","Benthic Djinn","mir","Near Mint","English","","","2024-11-22 15:14:17.373000","257","False","True",""
"1","1","Berserk","cn2","Near Mint","English","","","2024-11-22 15:14:17.373000","175","False","True",""
"1","1","Berserk","sld","Near Mint","English","","","2024-11-28 10:08:56.220000","1738","False","False",""
"1","1","Berserker's Frenzy","afc","Near Mint","English","","","2024-11-24 19:39:48.927000","29","False","False",""
"1","1","Berserkers' Onslaught","blc","Near Mint","English","","","2024-11-22 15:16:07.337000","192","False","False",""
"1","1","Besieged Viking Village","who","Near Mint","English","","","2024-11-22 15:20:39.097000","570","False","False",""
"1","1","Bespoke Battlewagon","drc","Near Mint","English","","","2025-02-07 23:57:06.363000","71","False","False",""
"2","2","Bespoke Battlewagon","mh3","Near Mint","English","","","2025-02-12 09:57:14.543000","52","False","False",""
"1","1","Bespoke Battlewagon","drc","Near Mint","English","","","2025-02-12 11:20:40.577000","71","False","False","0.10"
"1","1","Bessie, the Doctor's Roadster","who","Near Mint","English","","","2024-11-22 15:16:16.183000","171","False","False",""
"1","1","Bestow Greatness","dft","Near Mint","English","","","2025-02-12 11:20:40.577000","155","False","False","0.08"
"1","1","Bestow Greatness","dft","Near Mint","English","foil","","2025-02-12 11:20:40.577000","155","False","False","0.17"
"1","1","Bewildering Blizzard","tdm","Near Mint","English","","","2025-07-26 09:18:22.063000","38","False","False","0.07"
"1","1","Bewildering Blizzard","tdm","Near Mint","English","","","2025-05-06 15:17:00.747000","38","False","False","0.11"
"1","1","Bhaal, Lord of Murder","clb","Near Mint","English","etched","","2025-12-20 14:16:35.663000","527","False","False",""
"1","1","Bident of Thassa","lcc","Near Mint","English","","","2024-11-22 15:15:33.823000","146","False","False",""
"1","1","Bident of Thassa","m3c","Near Mint","English","","","2025-02-12 09:57:14.543000","177","False","False",""
"1","1","Big Score","blc","Near Mint","English","","","2024-11-24 19:39:48.927000","193","False","False",""
"1","1","Big Score","fic","Near Mint","English","","","2025-05-16 12:21:33.833000","290","False","False",""
"1","1","Bigfin Bouncer","fdn","Near Mint","English","","","2024-11-24 19:39:48.927000","31","False","False",""
"1","1","Bigger on the Inside","who","Near Mint","English","","","2024-11-22 15:20:39.097000","115","False","False",""
"1","1","Bilbo, Birthday Celebrant","ltc","Near Mint","English","","","2024-11-22 15:16:38.547000","48","False","False",""
"1","1","Bill Potts","who","Near Mint","English","","","2024-11-22 15:20:39.097000","76","False","False",""
"1","1","Binding Mummy","drc","Near Mint","English","","","2025-02-07 23:56:56.013000","63","False","False",""
"1","1","Binding the Old Gods","eoc","Near Mint","English","","","2025-07-18 12:41:35.500000","52","False","False",""
"1","1","Biomass Mutation","dsc","Near Mint","English","","","2024-11-22 15:17:31.903000","214","False","False",""
"1","1","Biomechan Engineer","eoe","Near Mint","English","foil","","2025-07-30 21:33:35.050000","213","False","False","0.20"
"1","1","Biorganic Carapace","spm","Near Mint","English","foil","","2025-09-23 09:54:41.323000","124","False","False",""
"3","3","Biosynthic Burst","eoe","Near Mint","English","","","2025-07-26 09:56:55.443000","173","False","False","0.14"
"1","1","Biosynthic Burst","eoe","Near Mint","English","","","2025-07-30 21:33:35.050000","173","False","False","0.15"
"1","1","Biotransference","40k","Near Mint","English","","","2024-11-22 15:20:41.897000","30","False","False",""
"1","1","Bird","ttdm","Near Mint","English","","","2025-07-26 09:18:22.063000","2","False","False","0.16"
"3","3","Bird","tfin","Near Mint","English","","","2025-09-19 09:34:34.773000","16","False","False","0.13"
"2","2","Bird","tfin","Near Mint","English","","","2025-07-26 09:17:37.360000","17","False","False",""
"1","1","Birds of Paradise","ltc","Near Mint","English","","","2024-11-22 15:16:38.547000","235","False","False",""
"1","1","Birds of Paradise","dmr","Near Mint","English","foil","","2024-11-22 15:14:17.373000","439","False","True",""
"2","2","Birds of Paradise","plst","Near Mint","English","","","2024-11-22 15:14:17.373000","CN2-176","False","True",""
"1","1","Birgi, God of Storytelling // Harnfel, Horn of Bounty","khm","Near Mint","English","","","2025-02-12 10:22:38.650000","123","False","True",""
"1","1","Birth of the Imperium","40k","Near Mint","English","","","2024-11-22 15:16:41.393000","107","False","False",""
"1","1","Birthday Escape","ltr","Near Mint","English","foil","","2024-11-24 19:39:48.927000","43","False","False",""
"1","1","Bite Down","fdn","Near Mint","English","","","2024-11-24 18:24:36.417000","212","False","False",""
"1","1","Bite Down","fdn","Near Mint","English","","","2024-11-22 14:40:56.793000","212","False","False",""
"1","1","Bitter Downfall","ltr","Near Mint","English","","","2024-11-22 15:19:33.827000","77","False","False",""
"1","1","Bitterblossom","uma","Near Mint","English","","","2024-11-22 15:14:17.373000","85","False","True",""
"1","1","Bitterthorn, Nissa's Animus","moc","Near Mint","English","","","2025-03-31 14:21:49.867000","45","False","True",""
"1","1","Bitterthorn, Nissa's Animus","moc","Near Mint","English","","","2025-06-20 12:18:50.333000","45","False","False",""
"1","1","Black Cat, Cunning Thief","spm","Near Mint","English","","","2025-09-23 09:54:41.323000","52","False","False","0.12"
"1","1","Black Cat, Cunning Thief","spm","Near Mint","English","","","2025-09-23 09:54:41.323000","222","False","False","0.27"
"3","3","Black Mage's Rod","fin","Near Mint","English","","","2025-09-19 09:34:34.773000","90","False","False","0.33"
"2","2","Black Mage's Rod","fin","Near Mint","English","","","2025-07-26 09:17:37.360000","90","False","False",""
"2","2","Black Mage's Rod","fin","Near Mint","German","","","2025-07-26 09:17:37.360000","90","False","False",""
"1","1","Black Market","jmp","Near Mint","English","","","2024-11-22 15:14:17.373000","204","False","True",""
"1","1","Black Market","clb","Near Mint","English","","","2024-11-22 15:20:48.350000","739","False","False",""
"1","1","Black Market Connections","clb","Near Mint","English","","","2024-11-22 15:20:35.913000","669","False","False",""
"1","1","Black Market Connections","lcc","Near Mint","English","","","2024-11-22 15:15:33.823000","181","False","False",""
"1","1","Black Market Connections","acr","Near Mint","English","","","2024-11-22 15:14:17.373000","161","False","True",""
"1","1","Black Panther, Wakandan King","sld","Near Mint","English","","","2024-11-28 10:06:16.223000","1747","False","False",""
"1","1","Black Waltz No. 3","fin","Near Mint","English","","","2025-09-19 09:34:34.773000","214","False","False","0.15"
"4","4","Black Waltz No. 3","fin","Near Mint","English","","","2025-07-26 09:17:37.360000","214","False","False",""
"2","2","Black Waltz No. 3","fin","Near Mint","German","","","2025-07-26 09:17:37.360000","214","False","False",""
"1","1","Blacksmith's Talent","blb","Near Mint","English","","","2025-06-11 11:33:13.390000","125","False","False",""
"1","1","Blacksmith's Talent","blb","Near Mint","English","foil","","2024-11-24 19:39:48.927000","125","False","False",""
"1","1","Blade of Selves","tdc","Near Mint","English","","","2025-08-23 21:56:10.780000","313","False","False",""
"1","1","Blade of the Swarm","eoe","Near Mint","English","","","2025-07-30 21:33:35.050000","90","False","False","0.13"
"1","1","Blade of the Swarm","eoe","Near Mint","English","","","2025-07-26 09:56:55.443000","90","False","False","0.23"
"1","1","Blade Splicer","blc","Near Mint","English","","","2024-11-22 15:24:24.040000","136","False","True",""
"1","1","Bladed Ambassador","one","Near Mint","English","","","2024-11-24 19:39:48.927000","285","False","False",""
"1","1","Bladehold War-Whip","one","Near Mint","English","","","2025-06-20 12:06:52.980000","197","False","False",""
"1","1","Blasphemous Act","who","Near Mint","English","","","2024-11-22 15:20:51.547000","224","False","False",""
"1","1","Blasphemous Act","cmr","Near Mint","English","","","2024-11-22 15:14:17.373000","162","False","True",""
"1","1","Blasphemous Act","scd","Near Mint","English","","","2024-11-22 15:14:17.373000","124","False","True",""
"1","1","Blasphemous Act","ltc","Near Mint","English","","","2024-11-22 15:19:33.827000","211","False","False",""
"1","1","Blasphemous Act","eoc","Near Mint","English","","","2025-07-18 12:41:35.500000","86","False","False",""
"1","1","Blasphemous Act","drc","Near Mint","English","","","2025-02-07 23:57:06.363000","101","False","False",""
"1","1","Blasphemous Act","blc","Near Mint","English","","","2024-11-22 15:16:07.337000","114","False","False",""
"1","1","Blasphemous Act","lcc","Near Mint","English","","","2024-11-22 15:15:33.823000","216","False","False",""
"1","1","Blasphemous Act","who","Near Mint","English","","","2025-02-12 10:22:42.430000","224","False","True",""
"1","1","Blast Zone","m3c","Near Mint","English","","","2024-11-22 15:17:16.627000","322","False","False",""
"1","1","Blasted Landscape","plst","Near Mint","English","","","2025-03-31 14:21:49.867000","CM2-238","False","True",""
"1","1","Blaster Hulk","m3c","Near Mint","English","","","2025-02-12 09:57:14.543000","107","False","False",""
"2","2","Blazing Bomb","fin","Near Mint","English","","","2025-09-19 09:34:34.773000","130","False","False","0.04"
"4","4","Blazing Bomb","fin","Near Mint","English","","","2025-07-26 09:17:37.360000","130","False","False",""
"1","1","Blazing Bomb","fin","Near Mint","English","foil","","2025-09-19 09:34:34.773000","130","False","False","0.07"
"1","1","Bleachbone Verge","dft","Near Mint","English","foil","","2025-02-12 11:20:40.577000","371","False","False","8.82"
"1","1","Bleachbone Verge","dft","Near Mint","English","","","2025-02-12 11:20:40.577000","371","False","False","6.51"
"2","2","Blessed Respite","mh2","Near Mint","English","foil","","2024-11-22 15:14:17.373000","150","False","True",""
"2","2","Blighted Burgeoning","mom","Near Mint","English","foil","","2024-11-22 13:14:30.823000","177","False","False",""
"1","1","Blighted Woodland","c17","Near Mint","English","","","2024-11-22 15:14:17.373000","235","False","True",""
"2","2","Blightsteel Colossus","2xm","Near Mint","English","","","2024-11-22 15:14:17.373000","235","False","True",""
"1","1","Blightstep Pathway // Searstep Pathway","khm","Near Mint","English","","","2024-11-22 15:14:17.373000","252","False","True",""
"1","1","Blind Obedience","c16","Near Mint","English","","","2024-11-22 15:14:24.770000","59","False","True",""
"1","1","Blink","who","Near Mint","English","","","2024-11-22 15:20:51.547000","116","False","False",""
"2","2","Blitzball","fin","Near Mint","English","foil","","2025-07-26 09:17:37.360000","254","False","False",""
"3","3","Blitzball","fin","Near Mint","English","","","2025-09-19 09:34:34.773000","254","False","False","0.11"
"4","4","Blitzball","fin","Near Mint","English","","","2025-07-26 09:17:37.360000","254","False","False",""
"2","2","Blitzball","fin","Near Mint","German","","","2025-07-26 09:17:37.360000","254","False","False",""
"1","1","Blitzball Shot","fin","Near Mint","English","foil","","2025-09-19 09:34:34.773000","176","False","False","0.09"
"2","2","Blitzball Shot","fin","Near Mint","English","","","2025-09-19 09:34:34.773000","176","False","False","0.07"
"2","2","Blitzball Shot","fin","Near Mint","English","","","2025-07-26 09:17:37.360000","176","False","False",""
"2","2","Blitzball Shot","fin","Near Mint","German","foil","","2025-07-26 09:17:37.360000","176","False","False",""
"2","2","Blitzball Shot","fin","Near Mint","German","","","2025-07-26 09:17:37.360000","176","False","False",""
"1","1","Blitzball Stadium","fic","Near Mint","English","","","2025-05-16 12:21:48.280000","34","False","False",""
"1","1","Blood Crypt","prna","Near Mint","English","","","2025-02-12 10:22:45.200000","245p","False","True",""
"1","1","Blood Money","lcc","Near Mint","English","","","2024-11-22 15:15:33.823000","183","False","False",""
"2","2","Blood on the Snow","khm","Near Mint","English","","","2024-11-22 15:14:24.770000","79","False","True",""
"1","1","Blood Petal Celebrant","vow","Near Mint","English","","","2024-11-24 19:39:48.927000","146","False","False",""
"1","1","Bloodchief Ascension","zen","Near Mint","English","foil","","2024-11-22 15:14:24.770000","82","False","True",""
"1","1","Bloodcurdler","ody","Near Mint","English","","","2024-11-22 15:14:24.770000","116","False","True",""
"2","2","Bloodfell Caves","mom","Near Mint","English","","","2024-11-22 15:14:24.770000","267","False","True",""
"2","2","Bloodfell Caves","fdn","Near Mint","English","","","2024-11-24 18:24:36.417000","259","False","False",""
"1","1","Bloodfell Caves","dft","Near Mint","English","","","2025-06-11 11:33:04.183000","251","False","False",""
"2","2","Bloodfell Caves","fdn","Near Mint","English","","","2024-11-22 14:40:56.793000","259","False","False",""
"1","1","Bloodforged Battle-Axe","pip","Near Mint","English","foil","","2025-08-21 18:15:58.467000","754","False","False",""
"1","1","Bloodghast","dft","Near Mint","English","","","2025-02-12 11:20:40.577000","337","False","False","0.65"
"1","1","Bloodlust Inciter","akh","Near Mint","English","","","2024-11-24 19:39:48.927000","120","False","False",""
"1","1","Bloodsoaked Champion","clb","Near Mint","English","","","2024-11-22 15:20:35.913000","740","False","False",""
"1","1","Bloodstained Mire","mh3","Near Mint","English","foil","","2024-11-22 15:14:24.770000","352","False","True",""
"1","1","Bloodthirsty Blade","mkc","Near Mint","German","","","2024-11-22 15:16:12.420000","225","False","False",""
"1","1","Bloodthirsty Blade","gn3","Near Mint","English","","","2024-11-22 15:14:24.770000","114","False","True",""
"1","1","Bloodthirsty Blade","c21","Near Mint","English","","","2024-11-22 15:20:33.160000","235","False","False",""
"1","1","Blooming Stinger","eoe","Near Mint","English","foil","","2025-07-26 09:56:55.443000","174","False","False","0.28"
"1","1","Blooming Stinger","eoe","Near Mint","English","","","2025-07-30 21:33:35.050000","174","False","False","0.12"
"1","1","Blooming Stinger","eoe","Near Mint","English","","","2025-07-26 09:56:55.443000","174","False","False","0.13"
"2","2","Blossoming Defense","kld","Near Mint","English","","","2024-11-22 15:14:24.770000","146","False","True",""
"2","2","Blossoming Sands","fdn","Near Mint","English","","","2024-11-24 18:24:36.417000","260","False","False",""
"2","2","Blossoming Sands","fdn","Near Mint","English","","","2024-11-22 14:40:56.793000","260","False","False",""
"2","2","Blossoming Tortoise","woe","Near Mint","English","","","2024-11-22 15:14:24.770000","163","False","True",""
"1","1","Blue Mage's Cane","fic","Near Mint","English","","","2025-05-16 12:21:37.797000","35","False","False",""
"1","1","Boarded Window","inr","Near Mint","English","","","2025-05-06 15:17:00.747000","255","False","False","0.02"
"1","1","Body Dropper","snc","Near Mint","English","foil","","2025-05-06 15:17:00.747000","168","False","False","0.16"
"1","1","Body of Knowledge","dsc","Near Mint","English","","","2024-11-22 15:17:31.903000","112","False","False",""
"1","1","Boggart Brute","m19","Near Mint","English","","","2024-11-24 19:39:48.927000","131","False","False",""
"1","1","Bohn, Beguiling Balladeer","slx","Near Mint","English","","","2025-02-12 10:22:48.507000","30","False","True",""
"1","1","Boilerbilges Ripper","dsk","Near Mint","English","foil","","2024-11-24 19:39:48.927000","127","False","False",""
"1","1","Boilerbilges Ripper","dsk","Near Mint","English","","","2024-11-24 19:39:48.927000","127","False","False",""
"1","1","Boing!","unf","Near Mint","English","","","2025-07-26 09:57:00.937000","40","False","False","0.10"
"1","1","Bojuka Bog","eoc","Near Mint","English","","","2025-07-18 12:41:35.500000","149","False","False",""
"1","1","Bojuka Bog","dsc","Near Mint","English","","","2024-11-22 15:20:45.317000","265","False","False",""
"1","1","Bojuka Bog","clb","Near Mint","English","","","2024-11-22 15:20:35.913000","882","False","False",""
"1","1","Bojuka Bog","c21","Near Mint","English","","","2024-11-22 15:20:33.160000","281","False","False",""
"1","1","Bojuka Bog","tsr","Near Mint","English","","","2024-11-22 15:14:24.770000","406","False","True",""
"1","1","Bojuka Bog","wwk","Near Mint","English","","","2024-11-22 15:14:24.770000","132","False","True",""
"1","1","Bolas's Citadel","mb2","Near Mint","English","","","2025-03-31 14:21:49.867000","39","False","True",""
"1","1","Bold Plagiarist","c21","Near Mint","English","","","2024-11-22 15:20:33.160000","37","False","False",""
"1","1","Boldwyr Intimidator","bbd","Near Mint","English","","","2024-11-24 19:39:48.927000","169","False","False",""
"1","1","Bolrac-Clan Basher","mkm","Near Mint","English","foil","","2025-07-26 09:18:22.063000","112","False","False","0.14"
"1","1","Bolrac-Clan Basher","mkm","Near Mint","English","","","2025-05-06 15:17:00.747000","112","False","False","0.06"
"1","1","Bolt Bend","fdn","Near Mint","English","","","2024-11-22 14:40:56.793000","619","False","False",""
"1","1","Bolt Bend","fdn","Near Mint","English","","","2024-11-24 18:24:36.417000","619","False","False",""
"1","1","Boltwave","fdn","Near Mint","English","","","2024-11-24 19:39:48.927000","79","False","False",""
"1","1","Bombadil's Song","ltr","Near Mint","English","","","2024-11-24 19:39:48.927000","154","False","False",""
"2","2","Bombard","eoe","Near Mint","English","","","2025-07-26 09:56:55.443000","129","False","False","0.08"
"2","2","Bombard","eoe","Near Mint","English","","","2025-07-30 21:33:35.050000","129","False","False","0.06"
"1","1","Bonders' Enclave","fic","Near Mint","English","","","2025-05-16 12:21:41.457000","376","False","False",""
"1","1","Bonders' Enclave","piko","Near Mint","English","foil","","2024-11-22 15:14:24.770000","245p","False","True",""
"1","1","Bonecache Overseer","blb","Near Mint","English","","","2024-11-24 19:39:48.927000","85","False","False",""
"1","1","Bone-Cairn Butcher","tdm","Near Mint","English","","","2025-07-26 09:18:22.063000","173","False","False","0.17"
"1","1","Bone-Cairn Butcher","tdm","Near Mint","English","","","2025-05-06 15:17:00.747000","173","False","False","0.13"
"1","1","Bonecaller Cleric","j25","Near Mint","English","","","2024-11-24 19:39:48.927000","112","False","False",""
"1","1","Bonehoard","c15","Near Mint","English","","","2025-06-11 11:38:48.343000","245","False","False",""
"1","1","Bontu's Monument","drc","Near Mint","English","","","2025-02-07 23:56:56.013000","124","False","False",""
"1","1","Boommobile","dft","Near Mint","English","foil","","2025-02-12 11:20:40.577000","310","False","False","0.41"
"1","1","Boon of the Wish-Giver","ltc","Near Mint","English","","","2024-11-22 15:19:33.827000","185","False","False",""
"1","1","Boosted Sloop","dft","Near Mint","English","foil","","2025-02-12 11:20:40.577000","190","False","False","0.13"
"1","1","Boosted Sloop","dft","Near Mint","English","foil","","2025-02-12 11:20:40.577000","320","False","False","0.33"
"1","1","Bootleggers' Stash","blc","Near Mint","English","","","2024-11-22 15:14:24.770000","207","False","True",""
"1","1","Bootleggers' Stash","drc","Near Mint","English","","","2025-02-07 23:57:06.363000","110","False","False",""
"1","1","Bootleggers' Stash","blc","Near Mint","English","","","2024-11-24 19:39:48.927000","207","False","False",""
"1","1","Boreas Charger","c21","Near Mint","English","","","2024-11-22 15:20:33.160000","84","False","False",""
"1","1","Boros Charm","fdn","Near Mint","English","foil","","2024-11-24 18:24:36.417000","721","False","False",""
"1","1","Boros Charm","onc","Near Mint","English","","","2024-11-22 15:14:24.770000","116","False","True",""
"1","1","Boros Charm","fdn","Near Mint","English","foil","","2024-11-22 14:40:56.793000","721","False","False",""
"2","2","Boros Fury-Shield","rav","Near Mint","English","","","2024-11-22 15:14:24.770000","5","False","True",""
"1","1","Boros Garrison","clu","Near Mint","English","","","2024-11-22 15:14:24.770000","231","False","True",""
"1","1","Boros Garrison","mkc","Near Mint","German","","","2024-11-22 15:16:12.420000","251","False","False",""
"1","1","Boros Guildgate","fdn","Near Mint","English","","","2024-11-24 18:24:36.417000","684","False","False",""
"1","1","Boros Guildgate","plst","Near Mint","English","","","2025-06-11 11:32:42.863000","GRN-243","False","False",""
"1","1","Boros Guildgate","fdn","Near Mint","English","","","2024-11-22 14:40:56.793000","684","False","False",""
"1","1","Boros Reckoner","mkc","Near Mint","German","","","2024-11-22 15:16:12.420000","201","False","False",""
"1","1","Boros Signet","rav","Near Mint","English","","","2025-01-15 16:11:50.493000","255","False","False",""
"1","1","Boros Signet","clu","Near Mint","English","","","2024-11-22 15:14:24.770000","220","False","True",""
"2","2","Borrowed Hostility","inr","Near Mint","English","","","2025-05-06 15:17:00.747000","146","False","False","0.02"
"1","1","Boseiju, Who Endures","neo","Near Mint","English","","","2024-11-22 15:14:24.770000","266","False","True",""
"1","1","Boseiju, Who Endures","neo","Near Mint","English","","","2024-11-22 15:14:24.770000","266","False","True",""
"1","1","Bottle-Cap Blast","pip","Near Mint","English","","","2025-02-12 09:57:21.140000","55","False","False",""
"2","2","Bottomless Pool // Locker Room","dsk","Near Mint","English","","","2024-11-22 15:20:45.317000","43","False","False",""
"1","1","Bottomless Pool // Locker Room","dsk","Near Mint","English","foil","","2024-11-24 19:39:48.927000","43","False","False",""
"2","2","Boulderborn Dragon","tdm","Near Mint","English","","","2025-07-26 09:18:22.063000","239","False","False","0.05"
"1","1","Boulderborn Dragon","tdm","Near Mint","English","","","2025-05-06 15:17:00.747000","239","False","False","0.08"
"3","3","Bound by Moonsilver","inr","Near Mint","English","","","2025-05-06 15:17:00.747000","13","False","False","0.03"
"1","1","Bound by Moonsilver","inr","Near Mint","English","foil","","2025-01-28 18:03:49.613000","13","False","False","0.29"
"1","1","Boundless Realms","m13","Near Mint","English","","","2024-11-22 15:14:24.770000","162","False","True",""
"1","1","Bountiful Promenade","zne","Near Mint","English","","","2024-11-22 15:14:24.770000","20","False","True",""
"1","1","Bounty of Skemfar","khc","Near Mint","English","","","2024-11-24 19:39:48.927000","12","False","False",""
"1","1","Bowie Base One","who","Near Mint","English","","","2024-11-22 15:20:51.547000","571","False","False",""
"1","1","Braids, Arisen Nightmare","eoc","Near Mint","English","","","2025-07-18 12:41:35.500000","82","False","False",""
"1","1","Brainstealer Dragon","clb","Near Mint","English","","","2024-11-22 15:20:48.350000","670","False","False",""
"1","1","Brainstone","dsc","Near Mint","English","","","2024-11-22 15:20:45.317000","242","False","False",""
"1","1","Brainstorm","dsc","Near Mint","English","","","2025-03-31 14:21:49.867000","113","False","True",""
"1","1","Brainstorm","sta","Near Mint","Japanese","foil","","2024-11-22 15:14:24.770000","76","False","True",""
"2","2","Brainstorm","40k","Near Mint","English","","","2025-02-12 10:22:53.793000","192","False","True",""
"1","1","Brainstorm","dsc","Near Mint","English","","","2024-11-22 15:20:45.317000","113","False","False",""
"1","1","Brainstorm","fca","Near Mint","English","","","2025-06-24 19:32:54.987000","28","False","False",""
"1","1","Brainsurge","mh3","Near Mint","English","","","2025-03-31 14:21:49.867000","53","False","True",""
"1","1","Branching Evolution","pip","Near Mint","English","","","2025-01-03 20:35:52.453000","195","False","False",""
"1","1","Branchloft Pathway // Boulderloft Pathway","znr","Near Mint","English","","","2024-11-22 15:14:24.770000","284","False","True",""
"1","1","Brand","usg","Near Mint","English","","","2025-02-12 10:22:56.830000","176","False","True",""
"1","1","Brash Taunter","scd","Near Mint","English","","","2024-11-22 15:14:24.770000","125","False","True",""
"1","1","Brash Taunter","mkc","Near Mint","German","","","2024-11-22 15:16:12.420000","148","False","False",""
"1","1","Brash Taunter","sld","Near Mint","English","","","2025-01-11 17:33:26.717000","1614","False","False",""
"1","1","Brass's Bounty","fdn","Near Mint","English","","","2024-11-24 19:39:48.927000","190","False","False",""
"1","1","Bravado","usg","Near Mint","English","","","2025-02-12 10:22:59.360000","177","False","True",""
"1","1","Brave the Sands","ktk","Near Mint","English","","","2024-11-22 15:14:24.770000","5","False","True",""
"1","1","Brazen Scourge","fdn","Near Mint","English","","","2024-11-24 19:39:48.927000","191","False","False",""
"1","1","Breach the Multiverse","mom","Near Mint","English","","","2025-03-31 14:21:49.867000","94","False","True",""
"1","1","Breaching Dragonstorm","tdm","Near Mint","English","","","2025-07-26 09:18:22.063000","101","False","False","0.11"
"1","1","Bred for the Hunt","fic","Near Mint","English","","","2025-05-16 12:21:48.280000","321","False","False",""
"1","1","Breeches, Brazen Plunderer","lcc","Near Mint","English","","","2024-11-22 15:15:33.823000","217","False","False",""
"1","1","Breeding Pool","prna","Near Mint","English","","","2024-11-22 15:14:24.770000","246p","False","True",""
"1","1","Breeding Pool","rna","Near Mint","English","","","2024-11-22 15:14:24.770000","246","False","True",""
"1","1","Breena, the Demagogue","otc","Near Mint","English","","","2024-11-22 15:14:24.770000","217","False","True",""
"1","1","Breena, the Demagogue","c21","Near Mint","English","foil","","2024-11-22 15:20:33.160000","1","False","False",""
"1","1","Breya, Etherium Shaper","mh3","Near Mint","English","etched","","2025-03-28 19:22:40.520000","486","False","False",""
"1","1","Brightcap Badger // Fungus Frolic","blc","Near Mint","English","","","2024-11-24 19:39:48.927000","28","False","False",""
"1","1","Brightclimb Pathway // Grimclimb Pathway","znr","Near Mint","English","","","2024-11-22 15:14:24.770000","285","False","True",""
"1","1","Brightfield Glider","dft","Near Mint","English","foil","","2025-02-12 11:20:40.577000","4","False","False","0.06"
"4","4","Brightfield Glider","dft","Near Mint","English","","","2025-02-12 11:20:40.577000","4","False","False","0.12"
"1","1","Brightfield Mustang","dft","Near Mint","English","foil","","2025-02-12 11:20:40.577000","5","False","False","0.09"
"2","2","Brightspear Zealot","eoe","Near Mint","English","","","2025-07-30 21:33:35.050000","8","False","False","0.11"
"1","1","Brightspear Zealot","eoe","Near Mint","English","","","2025-07-26 09:56:55.443000","8","False","False","0.08"
"2","2","Brineborn Cutthroat","fdn","Near Mint","English","","","2024-11-24 18:24:36.417000","152","False","False",""
"2","2","Brineborn Cutthroat","fdn","Near Mint","English","","","2024-11-22 14:40:56.793000","152","False","False",""
"1","1","Brion Stoutarm","sld","Near Mint","English","foil","","2025-01-10 15:25:57.437000","1450","False","False",""
"1","1","Broadcast Rambler","dft","Near Mint","English","","","2025-02-12 11:20:40.577000","293","False","False","0.08"
"1","1","Broadside Bombardiers","lcc","Near Mint","English","","","2024-11-22 15:15:33.823000","86","False","False",""
"1","1","Broken Ambitions","lrw","Near Mint","English","","","2025-03-31 14:21:49.867000","54","False","True",""
"1","1","Broken Wings","fdn","Near Mint","English","","","2024-11-22 14:40:56.793000","214","False","False",""
"1","1","Broken Wings","dft","Near Mint","English","foil","","2025-02-12 11:20:40.577000","156","False","False","0.06"
"1","1","Broken Wings","fdn","Near Mint","English","","","2024-11-24 18:24:36.417000","214","False","False",""
"1","1","Brokers Charm","snc","Near Mint","English","foil","","2025-05-06 15:17:00.747000","298","False","False","0.22"
"1","1","Bronze Guardian","fic","Near Mint","English","","","2025-05-16 12:21:41.457000","234","False","False",""
"2","2","Broodguard Elite","eoe","Near Mint","English","","","2025-07-30 21:33:35.050000","175","False","False","0.15"
"1","1","Broodspinner","dsk","Near Mint","English","","","2024-11-24 19:39:48.927000","211","False","False",""
